Country,Item Type,Sales Channel,Order Priority,Order Date,Order ID,Ship Date,Units Sold,Unit Price,Unit Cost,Total Revenue,Total Cost,Total Profit
Greenland,Personal Care,Online,H,4/27/2014,712444770,5/5/2014,7094,81.73,56.67,579792.62,402016.98,177775.64
United States of America,Meat,Offline,H,4/22/2014,748889768,5/14/2014,1979,421.89,364.69,834920.31,721721.51,113198.8
Canada,Snacks,Offline,M,12/9/2014,597108924,12/19/2014,6655,152.58,97.44,1015419.9,648463.2,366956.7
Mexico,Clothes,Online,C,6/27/2012,917197310,8/15/2012,7921,109.28,35.84,865606.88,283888.64,581718.24
Greenland,Vegetables,Offline,M,5/22/2013,959461200,6/22/2013,4745,154.06,90.93,731014.7,431462.85,299551.85
United States of America,Cereal,Online,L,11/30/2011,596802079,12/14/2011,5852,205.7,117.11,1203756.4,685327.72,518428.68
United States of America,Vegetables,Offline,C,8/21/2010,892649304,10/2/2010,3621,154.06,90.93,557851.26,329257.53,228593.73
Canada,Vegetables,Offline,C,3/5/2012,105190503,3/18/2012,7062,154.06,90.93,1087971.72,642147.66,445824.06
United States of America,Personal Care,Online,L,12/13/2014,955897080,12/27/2014,43,81.73,56.67,3514.39,2436.81,1077.58
Canada,Baby Food,Online,C,2/10/2011,715712773,3/5/2011,4169,255.28,159.42,1064262.32,664621.98,399640.34
Greenland,Clothes,Online,M,5/3/2012,305095756,5/15/2012,3469,109.28,35.84,379092.32,124328.96,254763.36
Mexico,Office Supplies,Online,C,5/5/2016,505691945,6/6/2016,4339,651.21,524.96,2825600.19,2277801.44,547798.75
United States of America,Personal Care,Offline,C,1/5/2015,552086007,2/20/2015,3373,81.73,56.67,275675.29,191147.91,84527.38
United States of America,Office Supplies,Online,C,9/30/2011,349588239,10/7/2011,9783,651.21,524.96,6370787.43,5135683.68,1235103.75
Canada,Fruits,Online,L,5/1/2017,464441287,5/13/2017,7353,9.33,6.92,68603.49,50882.76,17720.73
Mexico,Cereal,Online,H,9/6/2014,651846587,9/13/2014,4745,205.7,117.11,976046.5,555686.95,420359.55
United States of America,Office Supplies,Offline,H,11/24/2016,399406087,12/29/2016,1992,651.21,524.96,1297210.32,1045720.32,251490
Mexico,Personal Care,Online,M,1/19/2016,253475034,2/22/2016,7750,81.73,56.67,633407.5,439192.5,194215
United States of America,Personal Care,Offline,L,10/12/2011,916620528,11/22/2011,7238,81.73,56.67,591561.74,410177.46,181384.28
United States of America,Vegetables,Offline,H,9/13/2015,913929307,10/17/2015,846,154.06,90.93,130334.76,76926.78,53407.98
Canada,Clothes,Offline,H,10/29/2013,918111836,12/12/2013,8550,109.28,35.84,934344,306432,627912
Canada,Vegetables,Offline,C,5/15/2011,947777068,5/20/2011,7151,154.06,90.93,1101683.06,650240.43,451442.63
Greenland,Vegetables,Online,C,2/2/2016,998878085,2/9/2016,9078,154.06,90.93,1398556.68,825462.54,573094.14
Canada,Meat,Offline,H,9/3/2011,481985938,10/16/2011,9205,421.89,364.69,3883497.45,3356971.45,526526
Canada,Vegetables,Online,C,6/12/2013,618347299,6/28/2013,1562,154.06,90.93,240641.72,142032.66,98609.06
Canada,Fruits,Online,M,7/21/2017,501603400,8/27/2017,4448,9.33,6.92,41499.84,30780.16,10719.68
Canada,Vegetables,Offline,M,6/26/2011,596038615,7/11/2011,9926,154.06,90.93,1529199.56,902571.18,626628.38
United States of America,Baby Food,Online,M,1/1/2014,183618724,1/4/2014,5716,255.28,159.42,1459180.48,911244.72,547935.76
Greenland,Snacks,Offline,C,4/13/2017,305984103,5/1/2017,6351,152.58,97.44,969035.58,618841.44,350194.14
Mexico,Office Supplies,Online,H,11/25/2014,598012721,12/7/2014,4108,651.21,524.96,2675170.68,2156535.68,518635
Canada,Fruits,Online,H,2/8/2015,119072329,2/17/2015,5003,9.33,6.92,46677.99,34620.76,12057.23
Mexico,Beverages,Online,C,3/10/2011,190128552,4/23/2011,2119,47.45,31.79,100546.55,67363.01,33183.54
Mexico,Office Supplies,Offline,C,9/2/2010,931811702,9/3/2010,2644,651.21,524.96,1721799.24,1387994.24,333805
Canada,Snacks,Online,H,5/19/2011,757638919,6/6/2011,1047,152.58,97.44,159751.26,102019.68,57731.58
Greenland,Baby Food,Online,L,12/16/2015,859191644,1/22/2016,2755,255.28,159.42,703296.4,439202.1,264094.3
Greenland,Fruits,Offline,H,12/20/2015,228558385,2/5/2016,4360,9.33,6.92,40678.8,30171.2,10507.6
Canada,Cosmetics,Offline,M,7/16/2013,428448188,9/4/2013,6195,437.2,263.33,2708454,1631329.35,1077124.65
Greenland,Personal Care,Offline,C,3/24/2014,374473989,3/25/2014,4030,81.73,56.67,329371.9,228380.1,100991.8
Mexico,Household,Offline,C,5/14/2013,202290761,5/23/2013,1186,668.27,502.54,792568.22,596012.44,196555.78
United States of America,Meat,Online,M,3/1/2013,550168979,4/1/2013,6082,421.89,364.69,2565934.98,2218044.58,347890.4
United States of America,Meat,Online,C,7/19/2014,774284493,9/7/2014,6843,421.89,364.69,2886993.27,2495573.67,391419.6
United States of America,Cereal,Offline,C,5/15/2010,807035768,6/21/2010,8673,205.7,117.11,1784036.1,1015695.03,768341.07
Mexico,Office Supplies,Online,H,5/13/2016,715982711,6/18/2016,4050,651.21,524.96,2637400.5,2126088,511312.5
Greenland,Vegetables,Online,C,8/7/2012,584468638,8/10/2012,6113,154.06,90.93,941768.78,555855.09,385913.69
Mexico,Baby Food,Offline,H,3/24/2015,473574531,4/27/2015,82,255.28,159.42,20932.96,13072.44,7860.52
Greenland,Meat,Offline,C,9/15/2015,345993220,11/2/2015,5937,421.89,364.69,2504760.93,2165164.53,339596.4
United States of America,Baby Food,Online,H,7/15/2016,372629487,7/30/2016,8201,255.28,159.42,2093551.28,1307403.42,786147.86
Canada,Cosmetics,Offline,C,8/2/2014,289198195,9/5/2014,9028,437.2,263.33,3947041.6,2377343.24,1569698.36
Greenland,Cosmetics,Online,H,1/14/2016,356238400,3/4/2016,7714,437.2,263.33,3372560.8,2031327.62,1341233.18
Mexico,Clothes,Online,H,2/20/2011,447488868,3/28/2011,755,109.28,35.84,82506.4,27059.2,55447.2
Canada,Clothes,Online,L,11/24/2015,144565761,11/27/2015,9076,109.28,35.84,991825.28,325283.84,666541.44
United States of America,Cosmetics,Offline,H,6/18/2010,157631766,7/10/2010,5597,437.2,263.33,2447008.4,1473858.01,973150.39
Mexico,Snacks,Offline,L,10/7/2016,413412797,11/14/2016,6888,152.58,97.44,1050971.04,671166.72,379804.32
Canada,Beverages,Online,M,5/7/2015,100779664,6/2/2015,1797,47.45,31.79,85267.65,57126.63,28141.02
Greenland,Personal Care,Offline,M,7/23/2016,823988187,8/5/2016,5270,81.73,56.67,430717.1,298650.9,132066.2
Greenland,Cosmetics,Offline,L,9/17/2015,436989200,10/4/2015,3670,437.2,263.33,1604524,966421.1,638102.9
Mexico,Meat,Online,L,1/1/2016,510835349,1/27/2016,6387,421.89,364.69,2694611.43,2329275.03,365336.4
Mexico,Vegetables,Offline,C,6/23/2015,261522519,7/8/2015,9180,154.06,90.93,1414270.8,834737.4,579533.4
Greenland,Meat,Online,H,9/20/2013,113393771,11/3/2013,4592,421.89,364.69,1937318.88,1674656.48,262662.4
Mexico,Cosmetics,Online,L,8/18/2010,820663106,9/3/2010,1305,437.2,263.33,570546,343645.65,226900.35
Greenland,Snacks,Online,C,9/26/2013,517443883,10/29/2013,1999,152.58,97.44,305007.42,194782.56,110224.86
Mexico,Snacks,Online,L,8/28/2010,309324634,9/7/2010,4888,152.58,97.44,745811.04,476286.72,269524.32
Canada,Snacks,Online,M,11/29/2010,385649144,1/13/2011,1007,152.58,97.44,153648.06,98122.08,55525.98
Canada,Clothes,Offline,M,7/2/2010,659920251,7/30/2010,3922,109.28,35.84,428596.16,140564.48,288031.68
United States of America,Household,Offline,M,1/24/2014,548745477,1/26/2014,4836,668.27,502.54,3231753.72,2430283.44,801470.28
Mexico,Personal Care,Offline,C,8/9/2010,654059731,9/1/2010,9664,81.73,56.67,789838.72,547658.88,242179.84
Greenland,Personal Care,Online,H,2/20/2017,622181355,4/7/2017,6144,81.73,56.67,502149.12,348180.48,153968.64
Canada,Fruits,Online,H,6/17/2012,725916326,7/26/2012,3627,9.33,6.92,33839.91,25098.84,8741.07
Mexico,Vegetables,Offline,L,12/1/2012,674846208,12/30/2012,844,154.06,90.93,130026.64,76744.92,53281.72
Canada,Personal Care,Offline,H,11/3/2013,181094014,12/12/2013,8598,81.73,56.67,702714.54,487248.66,215465.88
Mexico,Baby Food,Offline,M,11/20/2011,449208486,12/5/2011,9628,255.28,159.42,2457835.84,1534895.76,922940.08
Mexico,Vegetables,Offline,H,2/15/2014,691814076,2/16/2014,2014,154.06,90.93,310276.84,183133.02,127143.82
Mexico,Baby Food,Offline,H,4/3/2013,907149541,5/5/2013,4563,255.28,159.42,1164842.64,727433.46,437409.18
United States of America,Household,Offline,L,2/6/2016,611359393,3/13/2016,3685,668.27,502.54,2462574.95,1851859.9,610715.05
Mexico,Household,Online,L,7/21/2012,822819173,7/22/2012,9333,668.27,502.54,6236963.91,4690205.82,1546758.09
Canada,Vegetables,Offline,L,11/20/2015,556762063,1/1/2016,7122,154.06,90.93,1097215.32,647603.46,449611.86
Canada,Cosmetics,Offline,M,12/1/2016,738712394,1/15/2017,268,437.2,263.33,117169.6,70572.44,46597.16
United States of America,Cereal,Offline,M,3/2/2010,167539203,4/8/2010,7428,205.7,117.11,1527939.6,869893.08,658046.52
Greenland,Fruits,Online,L,5/26/2016,251952826,7/3/2016,7295,9.33,6.92,68062.35,50481.4,17580.95
United States of America,Household,Online,H,8/6/2010,737813317,9/21/2010,4211,668.27,502.54,2814084.97,2116195.94,697889.03
Greenland,Clothes,Offline,H,12/18/2016,918225991,12/25/2016,2331,109.28,35.84,254731.68,83543.04,171188.64
Canada,Office Supplies,Online,C,11/9/2014,374811732,12/18/2014,3976,651.21,524.96,2589210.96,2087240.96,501970
United States of America,Cereal,Online,C,11/28/2014,713686311,1/15/2015,4494,205.7,117.11,924415.8,526292.34,398123.46
Canada,Household,Online,L,12/23/2010,663401114,1/15/2011,3987,668.27,502.54,2664392.49,2003626.98,660765.51
Mexico,Vegetables,Online,L,2/27/2011,392034089,3/27/2011,454,154.06,90.93,69943.24,41282.22,28661.02
Mexico,Beverages,Online,C,6/10/2012,715052735,7/24/2012,8849,47.45,31.79,419885.05,281309.71,138575.34
Greenland,Fruits,Offline,M,9/18/2012,320104968,10/22/2012,5028,9.33,6.92,46911.24,34793.76,12117.48
Canada,Cereal,Offline,H,6/11/2013,177852189,6/24/2013,9270,205.7,117.11,1906839,1085609.7,821229.3
Greenland,Cereal,Online,H,2/27/2010,820803439,3/18/2010,2833,205.7,117.11,582748.1,331772.63,250975.47
United States of America,Beverages,Offline,L,4/15/2014,804344546,5/15/2014,2280,47.45,31.79,108186,72481.2,35704.8
Mexico,Household,Online,L,9/4/2011,725100505,9/15/2011,2208,668.27,502.54,1475540.16,1109608.32,365931.84
Mexico,Fruits,Offline,M,5/20/2012,794042289,7/5/2012,3613,9.33,6.92,33709.29,25001.96,8707.33
United States of America,Office Supplies,Offline,H,10/22/2012,876512706,12/5/2012,8443,651.21,524.96,5498166.03,4432237.28,1065928.75
United States of America,Baby Food,Offline,L,10/22/2016,239806067,11/9/2016,2799,255.28,159.42,714528.72,446216.58,268312.14
United States of America,Cosmetics,Online,L,6/11/2011,815379369,7/1/2011,7730,437.2,263.33,3379556,2035540.9,1344015.1
Canada,Cereal,Online,L,4/12/2013,414820849,5/1/2013,3562,205.7,117.11,732703.4,417145.82,315557.58
Greenland,Office Supplies,Offline,H,5/10/2016,556621730,6/18/2016,5594,651.21,524.96,3642868.74,2936626.24,706242.5
United States of America,Meat,Online,C,6/16/2017,799933707,7/29/2017,7015,421.89,364.69,2959558.35,2558300.35,401258
Canada,Cosmetics,Online,L,6/28/2013,598433721,7/18/2013,8691,437.2,263.33,3799705.2,2288601.03,1511104.17
Canada,Clothes,Offline,M,6/12/2014,102203166,6/16/2014,3043,109.28,35.84,332539.04,109061.12,223477.92
Greenland,Fruits,Online,C,4/7/2011,868309438,4/20/2011,913,9.33,6.92,8518.29,6317.96,2200.33
United States of America,Personal Care,Offline,L,2/19/2012,368218648,3/18/2012,2935,81.73,56.67,239877.55,166326.45,73551.1
Canada,Beverages,Offline,C,8/20/2010,209039628,9/9/2010,8326,47.45,31.79,395068.7,264683.54,130385.16
Canada,Clothes,Offline,C,2/16/2017,966012656,2/22/2017,3467,109.28,35.84,378873.76,124257.28,254616.48
Greenland,Fruits,Online,L,3/5/2012,807809960,4/3/2012,7773,9.33,6.92,72522.09,53789.16,18732.93
Canada,Office Supplies,Online,M,7/29/2012,877370154,8/5/2012,2181,651.21,524.96,1420289.01,1144937.76,275351.25
Canada,Cereal,Online,M,5/23/2012,995044028,6/21/2012,4495,205.7,117.11,924621.5,526409.45,398212.05
United States of America,Snacks,Online,H,2/29/2016,120173537,4/15/2016,875,152.58,97.44,133507.5,85260,48247.5
United States of America,Snacks,Offline,L,1/8/2014,568659055,2/26/2014,7706,152.58,97.44,1175781.48,750872.64,424908.84
United States of America,Meat,Offline,L,5/2/2015,621407163,5/5/2015,7043,421.89,364.69,2971371.27,2568511.67,402859.6
United States of America,Cosmetics,Online,L,9/21/2012,566840732,9/22/2012,9624,437.2,263.33,4207612.8,2534287.92,1673324.88
Mexico,Meat,Offline,L,3/1/2012,494755828,3/10/2012,8099,421.89,364.69,3416887.11,2953624.31,463262.8
Canada,Baby Food,Online,L,10/11/2015,714741170,11/26/2015,6650,255.28,159.42,1697612,1060143,637469
Greenland,Meat,Offline,L,11/6/2012,459791409,11/10/2012,1351,421.89,364.69,569973.39,492696.19,77277.2
Mexico,Fruits,Offline,C,10/18/2011,551732814,10/30/2011,8855,9.33,6.92,82617.15,61276.6,21340.55
Mexico,Cosmetics,Offline,M,5/19/2011,603945767,7/3/2011,9828,437.2,263.33,4296801.6,2588007.24,1708794.36
Greenland,Personal Care,Online,C,10/11/2016,639092147,11/17/2016,423,81.73,56.67,34571.79,23971.41,10600.38
Mexico,Snacks,Online,L,2/23/2011,891605174,4/1/2011,4639,152.58,97.44,707818.62,452024.16,255794.46
United States of America,Baby Food,Online,C,10/11/2011,738249766,10/11/2011,3366,255.28,159.42,859272.48,536607.72,322664.76
Canada,Household,Offline,C,6/2/2014,569854247,7/22/2014,1390,668.27,502.54,928895.3,698530.6,230364.7
Greenland,Cereal,Offline,M,7/14/2012,263029277,7/28/2012,5063,205.7,117.11,1041459.1,592927.93,448531.17
Mexico,Clothes,Offline,M,3/3/2014,628213107,4/18/2014,1074,109.28,35.84,117366.72,38492.16,78874.56
Canada,Clothes,Offline,H,9/11/2016,657862889,9/21/2016,5103,109.28,35.84,557655.84,182891.52,374764.32
Greenland,Cereal,Offline,C,5/8/2017,849481618,5/15/2017,9343,205.7,117.11,1921855.1,1094158.73,827696.37
Canada,Fruits,Offline,L,3/24/2013,275373446,4/12/2013,7977,9.33,6.92,74425.41,55200.84,19224.57
United States of America,Clothes,Offline,L,6/30/2014,262706983,7/23/2014,9689,109.28,35.84,1058813.92,347253.76,711560.16
United States of America,Personal Care,Offline,L,8/23/2016,433087337,9/5/2016,9022,81.73,56.67,737368.06,511276.74,226091.32
United States of America,Baby Food,Offline,C,7/29/2014,350320804,8/12/2014,6566,255.28,159.42,1676168.48,1046751.72,629416.76
United States of America,Cosmetics,Offline,H,10/5/2010,544532048,10/5/2010,7989,437.2,263.33,3492790.8,2103743.37,1389047.43
Mexico,Cereal,Offline,H,2/16/2011,134434735,3/3/2011,1080,205.7,117.11,222156,126478.8,95677.2
Canada,Office Supplies,Online,L,10/27/2016,619178569,12/7/2016,7553,651.21,524.96,4918589.13,3965022.88,953566.25
Greenland,Fruits,Offline,L,11/19/2013,951174676,12/19/2013,2579,9.33,6.92,24062.07,17846.68,6215.39
United States of America,Cosmetics,Online,L,8/20/2015,505115163,9/13/2015,3656,437.2,263.33,1598403.2,962734.48,635668.72
Mexico,Clothes,Offline,C,10/7/2015,160619103,11/7/2015,9617,109.28,35.84,1050945.76,344673.28,706272.48
United States of America,Meat,Online,L,2/5/2012,391753423,2/27/2012,7398,421.89,364.69,3121142.22,2697976.62,423165.6
United States of America,Household,Offline,H,11/21/2014,372333371,12/4/2014,573,668.27,502.54,382918.71,287955.42,94963.29
Greenland,Cosmetics,Offline,L,9/30/2016,753622901,9/30/2016,2618,437.2,263.33,1144589.6,689397.94,455191.66
Greenland,Meat,Online,C,10/17/2010,999511945,12/4/2010,6651,421.89,364.69,2805990.39,2425553.19,380437.2
Mexico,Office Supplies,Online,H,10/22/2013,229306399,12/11/2013,5714,651.21,524.96,3721013.94,2999621.44,721392.5
United States of America,Fruits,Offline,L,11/4/2014,435934340,11/23/2014,1514,9.33,6.92,14125.62,10476.88,3648.74
Greenland,Vegetables,Online,C,1/13/2016,946805465,2/10/2016,9632,154.06,90.93,1483905.92,875837.76,608068.16
United States of America,Cereal,Offline,L,7/14/2017,118609702,7/29/2017,8101,205.7,117.11,1666375.7,948708.11,717667.59
United States of America,Beverages,Offline,M,3/29/2015,942368447,3/30/2015,6620,47.45,31.79,314119,210449.8,103669.2
Greenland,Beverages,Online,H,10/14/2015,346232259,11/1/2015,6674,47.45,31.79,316681.3,212166.46,104514.84
Canada,Cereal,Online,C,11/3/2012,169368255,11/30/2012,8685,205.7,117.11,1786504.5,1017100.35,769404.15
United States of America,Cosmetics,Offline,H,5/13/2015,637938582,6/3/2015,9058,437.2,263.33,3960157.6,2385243.14,1574914.46
United States of America,Vegetables,Offline,L,10/18/2011,179602706,11/23/2011,7287,154.06,90.93,1122635.22,662606.91,460028.31
Canada,Personal Care,Offline,H,1/22/2017,335140359,3/10/2017,4335,81.73,56.67,354299.55,245664.45,108635.1
Mexico,Cereal,Offline,C,12/3/2014,764616096,12/8/2014,5749,205.7,117.11,1182569.3,673265.39,509303.91
Canada,Cosmetics,Offline,C,9/3/2014,405110824,10/13/2014,150,437.2,263.33,65580,39499.5,26080.5
United States of America,Vegetables,Online,H,6/28/2017,335903823,8/13/2017,261,154.06,90.93,40209.66,23732.73,16476.93
United States of America,Fruits,Offline,L,5/29/2016,498688590,6/3/2016,1891,9.33,6.92,17643.03,13085.72,4557.31
Canada,Fruits,Online,C,10/20/2015,750282371,10/27/2015,4081,9.33,6.92,38075.73,28240.52,9835.21
United States of America,Clothes,Online,L,5/8/2013,741928040,6/8/2013,1849,109.28,35.84,202058.72,66268.16,135790.56
United States of America,Snacks,Offline,L,8/18/2015,829936683,9/29/2015,5562,152.58,97.44,848649.96,541961.28,306688.68
Mexico,Personal Care,Offline,H,1/17/2016,931416881,2/19/2016,5808,81.73,56.67,474687.84,329139.36,145548.48
United States of America,Cosmetics,Online,H,9/18/2012,122724425,9/18/2012,5740,437.2,263.33,2509528,1511514.2,998013.8
Mexico,Vegetables,Offline,H,6/25/2016,736374366,7/17/2016,8394,154.06,90.93,1293179.64,763266.42,529913.22
United States of America,Snacks,Online,C,11/3/2010,675833261,11/5/2010,2935,152.58,97.44,447822.3,285986.4,161835.9
Greenland,Fruits,Online,C,2/8/2017,427279174,3/18/2017,257,9.33,6.92,2397.81,1778.44,619.37
Mexico,Personal Care,Offline,C,2/25/2012,641206586,4/1/2012,6133,81.73,56.67,501250.09,347557.11,153692.98
Greenland,Vegetables,Offline,M,11/2/2011,135011518,11/25/2011,1763,154.06,90.93,271607.78,160309.59,111298.19
Greenland,Vegetables,Offline,L,4/21/2017,559962260,5/23/2017,4131,154.06,90.93,636421.86,375631.83,260790.03
Greenland,Fruits,Offline,H,8/14/2016,967056787,8/25/2016,2448,9.33,6.92,22839.84,16940.16,5899.68
Greenland,Household,Online,C,1/23/2016,610216557,2/6/2016,5495,668.27,502.54,3672143.65,2761457.3,910686.35
Canada,Clothes,Offline,M,1/3/2010,977639710,1/4/2010,4170,109.28,35.84,455697.6,149452.8,306244.8
Greenland,Meat,Offline,M,12/30/2016,541570889,1/30/2017,1716,421.89,364.69,723963.24,625808.04,98155.2
Mexico,Vegetables,Offline,M,8/10/2010,435622775,8/31/2010,9314,154.06,90.93,1434914.84,846922.02,587992.82
United States of America,Office Supplies,Online,M,3/12/2016,730893218,4/22/2016,6400,651.21,524.96,4167744,3359744,808000
United States of America,Meat,Offline,H,1/8/2013,997428405,2/18/2013,85,421.89,364.69,35860.65,30998.65,4862
Mexico,Meat,Online,L,10/3/2015,176007688,10/30/2015,3441,421.89,364.69,1451723.49,1254898.29,196825.2
Greenland,Clothes,Offline,L,5/1/2014,169186294,6/9/2014,4839,109.28,35.84,528805.92,173429.76,355376.16
Mexico,Meat,Online,H,12/25/2011,743491876,1/6/2012,4623,421.89,364.69,1950397.47,1685961.87,264435.6
Canada,Cosmetics,Offline,M,10/11/2011,233010852,10/30/2011,1944,437.2,263.33,849916.8,511913.52,338003.28
Canada,Baby Food,Offline,L,9/11/2012,704002463,9/18/2012,8828,255.28,159.42,2253611.84,1407359.76,846252.08
Mexico,Fruits,Offline,C,2/14/2015,809924399,3/14/2015,3483,9.33,6.92,32496.39,24102.36,8394.03
Greenland,Cosmetics,Online,L,5/4/2014,656989991,5/4/2014,6793,437.2,263.33,2969899.6,1788800.69,1181098.91
Greenland,Cereal,Online,H,2/27/2016,598688209,4/4/2016,4000,205.7,117.11,822800,468440,354360
United States of America,Meat,Online,M,3/19/2016,719125831,5/2/2016,4169,421.89,364.69,1758859.41,1520392.61,238466.8
Mexico,Cosmetics,Offline,C,11/11/2011,742110002,11/30/2011,5696,437.2,263.33,2490291.2,1499927.68,990363.52
Canada,Clothes,Online,H,12/23/2016,969155776,1/7/2017,3586,109.28,35.84,391878.08,128522.24,263355.84
Canada,Cereal,Offline,H,4/19/2011,404279553,5/4/2011,4159,205.7,117.11,855506.3,487060.49,368445.81
Greenland,Baby Food,Online,H,3/6/2012,589373004,4/2/2012,7424,255.28,159.42,1895198.72,1183534.08,711664.64
Greenland,Cosmetics,Offline,M,1/9/2016,590063941,2/26/2016,1888,437.2,263.33,825433.6,497167.04,328266.56
United States of America,Clothes,Offline,M,5/26/2013,571942508,6/4/2013,9353,109.28,35.84,1022095.84,335211.52,686884.32
Canada,Cosmetics,Offline,C,4/3/2016,456097686,5/2/2016,8296,437.2,263.33,3627011.2,2184585.68,1442425.52
Greenland,Household,Offline,L,6/16/2015,601732623,7/14/2015,4910,668.27,502.54,3281205.7,2467471.4,813734.3
United States of America,Fruits,Online,M,1/11/2010,749481999,2/6/2010,7234,9.33,6.92,67493.22,50059.28,17433.94
Mexico,Cereal,Offline,H,9/27/2010,618996608,9/29/2010,3707,205.7,117.11,762529.9,434126.77,328403.13
Greenland,Snacks,Online,H,11/16/2015,462144887,12/10/2015,7797,152.58,97.44,1189666.26,759739.68,429926.58
Mexico,Household,Offline,H,5/3/2017,754864442,6/12/2017,18,668.27,502.54,12028.86,9045.72,2983.14
Mexico,Household,Offline,C,1/16/2010,844099175,3/1/2010,6559,668.27,502.54,4383182.93,3296159.86,1087023.07
United States of America,Personal Care,Online,M,3/12/2010,643575513,3/13/2010,7151,81.73,56.67,584451.23,405247.17,179204.06
Canada,Personal Care,Online,C,1/20/2017,113082206,3/7/2017,2392,81.73,56.67,195498.16,135554.64,59943.52
United States of America,Fruits,Offline,C,3/19/2010,500745952,4/11/2010,710,9.33,6.92,6624.3,4913.2,1711.1
Greenland,Vegetables,Online,H,9/16/2016,995594632,11/2/2016,7431,154.06,90.93,1144819.86,675700.83,469119.03
Greenland,Office Supplies,Offline,C,2/16/2011,550252234,2/18/2011,719,651.21,524.96,468219.99,377446.24,90773.75
Mexico,Meat,Online,C,7/27/2010,677594506,8/14/2010,4127,421.89,364.69,1741140.03,1505075.63,236064.4
United States of America,Household,Online,M,1/2/2011,613614165,2/10/2011,922,668.27,502.54,616144.94,463341.88,152803.06
Canada,Meat,Online,C,12/26/2011,635060679,1/18/2012,7422,421.89,364.69,3131267.58,2706729.18,424538.4
Mexico,Beverages,Offline,M,3/13/2015,719167459,4/11/2015,6487,47.45,31.79,307808.15,206221.73,101586.42
United States of America,Fruits,Online,H,12/11/2011,941776216,1/28/2012,1365,9.33,6.92,12735.45,9445.8,3289.65
Mexico,Baby Food,Online,M,3/16/2013,177135074,3/18/2013,7059,255.28,159.42,1802021.52,1125345.78,676675.74
Greenland,Office Supplies,Online,H,8/14/2016,879682004,9/24/2016,6308,651.21,524.96,4107832.68,3311447.68,796385
Mexico,Baby Food,Offline,C,3/2/2014,846650063,4/19/2014,1423,255.28,159.42,363263.44,226854.66,136408.78
Greenland,Meat,Offline,L,8/2/2013,389524829,8/11/2013,7908,421.89,364.69,3336306.12,2883968.52,452337.6
Canada,Cereal,Online,M,5/29/2017,508367717,7/11/2017,6159,205.7,117.11,1266906.3,721280.49,545625.81
Mexico,Baby Food,Offline,M,8/16/2016,773297441,9/11/2016,4752,255.28,159.42,1213090.56,757563.84,455526.72
Canada,Household,Online,M,3/1/2014,690910279,4/20/2014,4560,668.27,502.54,3047311.2,2291582.4,755728.8
Mexico,Clothes,Offline,H,1/21/2012,609047544,1/23/2012,9557,109.28,35.84,1044388.96,342522.88,701866.08
Greenland,Beverages,Online,L,2/1/2014,646983850,2/20/2014,5753,47.45,31.79,272979.85,182887.87,90091.98
United States of America,Baby Food,Online,L,11/17/2016,367486083,12/8/2016,6153,255.28,159.42,1570737.84,980911.26,589826.58
United States of America,Fruits,Online,L,6/7/2013,370036971,7/2/2013,1018,9.33,6.92,9497.94,7044.56,2453.38
Mexico,Personal Care,Offline,M,4/15/2017,112224757,5/17/2017,8654,81.73,56.67,707291.42,490422.18,216869.24
Mexico,Baby Food,Online,L,8/14/2014,243032443,9/30/2014,7555,255.28,159.42,1928640.4,1204418.1,724222.3
Canada,Cosmetics,Offline,M,7/5/2016,335041654,8/3/2016,5126,437.2,263.33,2241087.2,1349829.58,891257.62
Greenland,Cosmetics,Online,C,2/11/2014,619827878,3/9/2014,9698,437.2,263.33,4239965.6,2553774.34,1686191.26
United States of America,Cosmetics,Online,C,11/13/2011,679412829,11/28/2011,2209,437.2,263.33,965774.8,581695.97,384078.83
United States of America,Baby Food,Online,L,5/12/2015,197443473,5/30/2015,6766,255.28,159.42,1727224.48,1078635.72,648588.76
Mexico,Fruits,Online,H,12/5/2013,559130990,12/12/2013,8140,9.33,6.92,75946.2,56328.8,19617.4
United States of America,Beverages,Offline,L,12/24/2010,534385573,1/9/2011,5421,47.45,31.79,257226.45,172333.59,84892.86
United States of America,Cosmetics,Offline,M,1/7/2017,138663613,1/21/2017,2499,437.2,263.33,1092562.8,658061.67,434501.13
Mexico,Office Supplies,Offline,C,10/25/2011,452590644,12/8/2011,484,651.21,524.96,315185.64,254080.64,61105
Greenland,Beverages,Online,H,6/28/2016,236803281,7/10/2016,4208,47.45,31.79,199669.6,133772.32,65897.28
Greenland,Vegetables,Online,M,7/5/2013,214536225,8/22/2013,4891,154.06,90.93,753507.46,444738.63,308768.83
Mexico,Cosmetics,Offline,H,5/30/2010,105559146,7/12/2010,6152,437.2,263.33,2689654.4,1620006.16,1069648.24
United States of America,Household,Online,M,3/8/2013,451026809,3/21/2013,7710,668.27,502.54,5152361.7,3874583.4,1277778.3
Greenland,Baby Food,Online,C,4/3/2010,852962481,4/5/2010,9408,255.28,159.42,2401674.24,1499823.36,901850.88
Canada,Snacks,Online,C,9/13/2013,453603875,9/19/2013,322,152.58,97.44,49130.76,31375.68,17755.08
United States of America,Cosmetics,Online,H,1/30/2012,272458636,3/8/2012,5420,437.2,263.33,2369624,1427248.6,942375.4
Mexico,Personal Care,Online,H,12/31/2012,984518182,1/21/2013,9663,81.73,56.67,789756.99,547602.21,242154.78
Canada,Fruits,Offline,L,6/27/2017,683356320,7/1/2017,9176,9.33,6.92,85612.08,63497.92,22114.16
Mexico,Household,Online,C,9/27/2013,629496276,10/17/2013,792,668.27,502.54,529269.84,398011.68,131258.16
United States of America,Vegetables,Online,C,8/14/2014,989339292,9/6/2014,6337,154.06,90.93,976278.22,576223.41,400054.81
Canada,Meat,Online,L,1/12/2016,549997746,2/17/2016,5410,421.89,364.69,2282424.9,1972972.9,309452
Mexico,Meat,Offline,M,8/26/2011,602184522,9/24/2011,8637,421.89,364.69,3643863.93,3149827.53,494036.4
Mexico,Vegetables,Offline,C,5/21/2015,145609891,5/29/2015,8057,154.06,90.93,1241261.42,732623.01,508638.41
United States of America,Meat,Offline,C,2/20/2017,424800813,3/3/2017,6855,421.89,364.69,2892055.95,2499949.95,392106
United States of America,Clothes,Offline,M,10/18/2015,902400958,10/25/2015,9352,109.28,35.84,1021986.56,335175.68,686810.88
Canada,Personal Care,Offline,L,6/11/2013,221539580,7/5/2013,7340,81.73,56.67,599898.2,415957.8,183940.4
Mexico,Household,Offline,H,2/13/2016,884347331,3/28/2016,6882,668.27,502.54,4599034.14,3458480.28,1140553.86
Greenland,Vegetables,Offline,C,7/12/2011,203994929,8/25/2011,5488,154.06,90.93,845481.28,499023.84,346457.44
United States of America,Personal Care,Online,H,10/10/2015,779484975,11/4/2015,5781,81.73,56.67,472481.13,327609.27,144871.86
Mexico,Meat,Online,H,4/22/2016,354477155,5/27/2016,6522,421.89,364.69,2751566.58,2378508.18,373058.4
Canada,Office Supplies,Online,L,5/4/2010,987884891,5/6/2010,5947,651.21,524.96,3872745.87,3121937.12,750808.75
Canada,Cereal,Online,L,3/19/2010,257631385,3/22/2010,7707,205.7,117.11,1585329.9,902566.77,682763.13
Greenland,Cosmetics,Offline,H,3/18/2015,310592353,4/27/2015,34,437.2,263.33,14864.8,8953.22,5911.58
Mexico,Cosmetics,Online,M,3/16/2011,396798121,5/4/2011,237,437.2,263.33,103616.4,62409.21,41207.19
Greenland,Fruits,Online,L,3/28/2016,995734965,5/17/2016,8959,9.33,6.92,83587.47,61996.28,21591.19
Mexico,Personal Care,Online,L,1/21/2011,950442111,2/13/2011,5796,81.73,56.67,473707.08,328459.32,145247.76
Canada,Beverages,Online,L,5/21/2010,639528596,7/2/2010,9578,47.45,31.79,454476.1,304484.62,149991.48
United States of America,Beverages,Offline,C,5/7/2015,431269013,5/23/2015,940,47.45,31.79,44603,29882.6,14720.4
Canada,Household,Offline,C,5/20/2010,199033486,6/28/2010,7286,668.27,502.54,4869015.22,3661506.44,1207508.78
Greenland,Vegetables,Offline,H,4/5/2017,952005946,4/8/2017,8570,154.06,90.93,1320294.2,779270.1,541024.1
Mexico,Snacks,Online,L,1/1/2010,470826232,2/16/2010,6800,152.58,97.44,1037544,662592,374952
Greenland,Cosmetics,Offline,C,10/18/2013,244694983,12/3/2013,9538,437.2,263.33,4170013.6,2511641.54,1658372.06
Canada,Meat,Offline,L,6/1/2015,775339353,7/19/2015,8999,421.89,364.69,3796588.11,3281845.31,514742.8
Mexico,Vegetables,Offline,M,11/19/2014,919213044,12/20/2014,4422,154.06,90.93,681253.32,402092.46,279160.86
Greenland,Cosmetics,Online,M,11/30/2014,233125007,1/2/2015,5725,437.2,263.33,2502970,1507564.25,995405.75
Canada,Personal Care,Online,L,6/29/2017,358534801,8/6/2017,7270,81.73,56.67,594177.1,411990.9,182186.2
Canada,Clothes,Online,M,4/13/2012,253023135,5/16/2012,4023,109.28,35.84,439633.44,144184.32,295449.12
United States of America,Vegetables,Offline,C,11/13/2014,646225106,12/6/2014,1224,154.06,90.93,188569.44,111298.32,77271.12
Canada,Cereal,Offline,C,9/20/2012,914293229,10/1/2012,8539,205.7,117.11,1756472.3,1000002.29,756470.01
Greenland,Fruits,Online,M,12/30/2012,631397855,2/7/2013,3511,9.33,6.92,32757.63,24296.12,8461.51
Canada,Cosmetics,Offline,M,9/14/2015,277628219,10/5/2015,5214,437.2,263.33,2279560.8,1373002.62,906558.18
Canada,Meat,Offline,H,1/12/2014,463849055,1/20/2014,2098,421.89,364.69,885125.22,765119.62,120005.6
Canada,Clothes,Offline,C,11/12/2016,642952382,11/17/2016,2753,109.28,35.84,300847.84,98667.52,202180.32
Canada,Clothes,Offline,L,4/9/2013,739642369,5/16/2013,5468,109.28,35.84,597543.04,195973.12,401569.92
Greenland,Cosmetics,Offline,M,11/4/2013,752651298,11/27/2013,5099,437.2,263.33,2229282.8,1342719.67,886563.13
Greenland,Cosmetics,Offline,C,11/1/2014,561328685,11/29/2014,8487,437.2,263.33,3710516.4,2234881.71,1475634.69
United States of America,Cosmetics,Offline,L,4/12/2010,406367814,5/7/2010,2121,437.2,263.33,927301.2,558522.93,368778.27
Mexico,Household,Offline,M,4/24/2014,796198356,5/25/2014,1642,668.27,502.54,1097299.34,825170.68,272128.66
Mexico,Fruits,Offline,M,4/26/2017,413511502,4/30/2017,6098,9.33,6.92,56894.34,42198.16,14696.18
Mexico,Meat,Offline,L,8/4/2014,666996133,9/5/2014,7833,421.89,364.69,3304664.37,2856616.77,448047.6
Mexico,Fruits,Online,L,10/6/2014,148893344,10/26/2014,9704,9.33,6.92,90538.32,67151.68,23386.64
Canada,Meat,Offline,L,2/7/2017,930471456,3/24/2017,6036,421.89,364.69,2546528.04,2201268.84,345259.2
Mexico,Meat,Online,H,11/28/2012,955980336,1/3/2013,4680,421.89,364.69,1974445.2,1706749.2,267696
Greenland,Household,Online,M,12/17/2014,697393929,12/17/2014,3216,668.27,502.54,2149156.32,1616168.64,532987.68
United States of America,Baby Food,Offline,M,8/4/2012,339779508,8/14/2012,7162,255.28,159.42,1828315.36,1141766.04,686549.32
Canada,Fruits,Online,C,5/13/2015,220074450,5/23/2015,3775,9.33,6.92,35220.75,26123,9097.75
Mexico,Cosmetics,Online,C,6/25/2017,263917624,7/15/2017,7945,437.2,263.33,3473554,2092156.85,1381397.15
Greenland,Office Supplies,Offline,M,6/15/2012,722295129,7/26/2012,2034,651.21,524.96,1324561.14,1067768.64,256792.5
Canada,Vegetables,Online,H,1/6/2015,903159701,1/9/2015,3881,154.06,90.93,597906.86,352899.33,245007.53
Greenland,Clothes,Online,L,12/27/2010,735387313,2/14/2011,6303,109.28,35.84,688791.84,225899.52,462892.32
Mexico,Vegetables,Online,H,5/6/2012,420769345,6/23/2012,3855,154.06,90.93,593901.3,350535.15,243366.15
United States of America,Snacks,Online,H,12/1/2011,378365123,12/13/2011,5503,152.58,97.44,839647.74,536212.32,303435.42
Canada,Personal Care,Offline,L,4/19/2012,700760638,5/21/2012,9500,81.73,56.67,776435,538365,238070
Greenland,Office Supplies,Offline,L,3/10/2010,178402793,4/11/2010,2206,651.21,524.96,1436569.26,1158061.76,278507.5
Canada,Beverages,Online,L,8/19/2010,886981475,9/7/2010,6384,47.45,31.79,302920.8,202947.36,99973.44
Mexico,Fruits,Offline,C,1/25/2015,757851779,3/15/2015,4037,9.33,6.92,37665.21,27936.04,9729.17
Mexico,Fruits,Online,M,6/1/2011,580410993,7/21/2011,5366,9.33,6.92,50064.78,37132.72,12932.06
Canada,Meat,Offline,H,9/15/2015,630748546,9/18/2015,1366,421.89,364.69,576301.74,498166.54,78135.2
United States of America,Office Supplies,Offline,C,7/9/2012,343161666,8/16/2012,8018,651.21,524.96,5221401.78,4209129.28,1012272.5
Canada,Household,Offline,H,12/13/2010,143677413,1/30/2011,6194,668.27,502.54,4139264.38,3112732.76,1026531.62
Mexico,Clothes,Online,L,6/16/2014,261564147,6/16/2014,1498,109.28,35.84,163701.44,53688.32,110013.12
Canada,Fruits,Online,M,3/14/2017,150005280,5/3/2017,8751,9.33,6.92,81646.83,60556.92,21089.91
Canada,Beverages,Offline,M,1/17/2010,866730153,2/22/2010,3568,47.45,31.79,169301.6,113426.72,55874.88
Greenland,Baby Food,Offline,C,2/25/2016,464004838,3/3/2016,8198,255.28,159.42,2092785.44,1306925.16,785860.28
Canada,Office Supplies,Online,H,10/19/2012,914532268,11/19/2012,9276,651.21,524.96,6040623.96,4869528.96,1171095
Canada,Vegetables,Online,L,1/15/2011,128527867,2/7/2011,3107,154.06,90.93,478664.42,282519.51,196144.91
Greenland,Household,Offline,H,4/7/2010,266016614,4/30/2010,9082,668.27,502.54,6069228.14,4564068.28,1505159.86
United States of America,Snacks,Online,M,4/16/2012,127628791,5/10/2012,7050,152.58,97.44,1075689,686952,388737
United States of America,Snacks,Offline,L,7/17/2011,344346129,9/1/2011,8527,152.58,97.44,1301049.66,830870.88,470178.78
United States of America,Cereal,Offline,C,3/15/2017,877302348,4/16/2017,2115,205.7,117.11,435055.5,247687.65,187367.85
Canada,Household,Online,L,6/2/2015,600589787,6/7/2015,6719,668.27,502.54,4490106.13,3376566.26,1113539.87
Mexico,Vegetables,Online,M,11/16/2012,388948047,11/17/2012,7225,154.06,90.93,1113083.5,656969.25,456114.25
Canada,Cereal,Online,H,2/15/2012,449925601,3/12/2012,1839,205.7,117.11,378282.3,215365.29,162917.01
Mexico,Cosmetics,Online,H,4/6/2014,109871280,4/18/2014,2208,437.2,263.33,965337.6,581432.64,383904.96
Canada,Snacks,Online,L,8/26/2015,709738099,8/31/2015,6130,152.58,97.44,935315.4,597307.2,338008.2
Canada,Meat,Online,L,7/24/2017,548911988,9/8/2017,4110,421.89,364.69,1733967.9,1498875.9,235092
Canada,Snacks,Online,C,7/13/2015,839418399,8/26/2015,1413,152.58,97.44,215595.54,137682.72,77912.82
Canada,Beverages,Offline,L,8/12/2010,898748862,8/28/2010,8615,47.45,31.79,408781.75,273870.85,134910.9
Mexico,Beverages,Online,M,7/21/2011,985842978,8/22/2011,1700,47.45,31.79,80665,54043,26622
Greenland,Cosmetics,Offline,L,10/7/2015,489061820,11/23/2015,3115,437.2,263.33,1361878,820272.95,541605.05
Mexico,Household,Offline,M,10/29/2010,381788909,11/24/2010,8677,668.27,502.54,5798578.79,4360539.58,1438039.21
Greenland,Personal Care,Online,M,1/30/2015,939843738,3/8/2015,9502,81.73,56.67,776598.46,538478.34,238120.12
Greenland,Office Supplies,Offline,C,12/10/2013,237930667,1/18/2014,7827,651.21,524.96,5097020.67,4108861.92,988158.75
Mexico,Meat,Offline,M,2/7/2016,392922437,3/12/2016,3335,421.89,364.69,1407003.15,1216241.15,190762
Greenland,Clothes,Offline,H,6/7/2015,982008922,6/9/2015,7117,109.28,35.84,777745.76,255073.28,522672.48
Mexico,Vegetables,Online,L,4/24/2010,358155429,5/8/2010,5005,154.06,90.93,771070.3,455104.65,315965.65
Mexico,Meat,Offline,C,1/30/2012,688276135,2/23/2012,5058,421.89,364.69,2133919.62,1844602.02,289317.6
Canada,Snacks,Online,L,2/29/2012,295328652,2/29/2012,3166,152.58,97.44,483068.28,308495.04,174573.24
Mexico,Meat,Online,L,9/7/2010,610611379,10/10/2010,2331,421.89,364.69,983425.59,850092.39,133333.2
United States of America,Clothes,Offline,L,4/1/2014,915254104,5/16/2014,2883,109.28,35.84,315054.24,103326.72,211727.52
United States of America,Fruits,Online,M,3/1/2013,724918544,3/24/2013,8361,9.33,6.92,78008.13,57858.12,20150.01
Mexico,Snacks,Offline,C,7/4/2011,565261447,7/28/2011,2278,152.58,97.44,347577.24,221968.32,125608.92
Mexico,Office Supplies,Online,H,4/6/2013,494953238,5/20/2013,6517,651.21,524.96,4243935.57,3421164.32,822771.25
Mexico,Personal Care,Online,L,5/15/2016,850666081,5/30/2016,9852,81.73,56.67,805203.96,558312.84,246891.12
Greenland,Personal Care,Online,H,2/11/2016,134419286,3/1/2016,6509,81.73,56.67,531980.57,368865.03,163115.54
Greenland,Fruits,Online,M,5/18/2016,941662061,6/22/2016,7584,9.33,6.92,70758.72,52481.28,18277.44
Canada,Cereal,Offline,M,3/4/2010,871733224,3/31/2010,4088,205.7,117.11,840901.6,478745.68,362155.92
Canada,Vegetables,Online,M,5/23/2015,652423369,6/6/2015,5428,154.06,90.93,836237.68,493568.04,342669.64
Mexico,Fruits,Offline,L,12/8/2013,103247296,12/17/2013,2024,9.33,6.92,18883.92,14006.08,4877.84
Greenland,Cereal,Offline,C,11/10/2016,267201077,12/11/2016,9591,205.7,117.11,1972868.7,1123202.01,849666.69
Mexico,Vegetables,Online,L,2/26/2010,139240396,3/20/2010,3182,154.06,90.93,490218.92,289339.26,200879.66
Canada,Baby Food,Offline,C,1/17/2016,359859597,3/6/2016,9307,255.28,159.42,2375890.96,1483721.94,892169.02
United States of America,Meat,Online,H,12/18/2014,809446322,1/25/2015,2009,421.89,364.69,847577.01,732662.21,114914.8
Greenland,Fruits,Online,H,8/11/2013,183998095,9/7/2013,7980,9.33,6.92,74453.4,55221.6,19231.8
Mexico,Office Supplies,Online,M,8/23/2010,412088000,9/19/2010,4852,651.21,524.96,3159670.92,2547105.92,612565
Greenland,Snacks,Offline,L,4/17/2013,665177810,5/22/2013,9750,152.58,97.44,1487655,950040,537615
Canada,Meat,Online,M,3/1/2015,218453538,4/18/2015,4111,421.89,364.69,1734389.79,1499240.59,235149.2
Greenland,Baby Food,Online,M,3/24/2015,758329856,5/2/2015,5511,255.28,159.42,1406848.08,878563.62,528284.46
Mexico,Household,Offline,M,5/16/2011,116142070,6/17/2011,7874,668.27,502.54,5261957.98,3956999.96,1304958.02
United States of America,Clothes,Online,H,4/15/2013,245739114,4/15/2013,8519,109.28,35.84,930956.32,305320.96,625635.36
Canada,Personal Care,Online,L,9/17/2010,427715623,10/30/2010,9412,81.73,56.67,769242.76,533378.04,235864.72
Canada,Meat,Offline,C,12/20/2011,559453284,2/7/2012,3514,421.89,364.69,1482521.46,1281520.66,201000.8
United States of America,Office Supplies,Offline,C,6/7/2011,874455344,7/3/2011,9624,651.21,524.96,6267245.04,5052215.04,1215030
Greenland,Beverages,Online,H,6/8/2016,184730660,7/11/2016,4762,47.45,31.79,225956.9,151383.98,74572.92
United States of America,Fruits,Offline,M,2/3/2017,991594064,2/28/2017,3574,9.33,6.92,33345.42,24732.08,8613.34
Mexico,Cereal,Offline,L,2/20/2011,578551042,3/9/2011,4965,205.7,117.11,1021300.5,581451.15,439849.35
Greenland,Snacks,Offline,M,3/4/2015,793632018,4/4/2015,2205,152.58,97.44,336438.9,214855.2,121583.7
United States of America,Fruits,Online,C,11/26/2016,403027284,12/29/2016,3584,9.33,6.92,33438.72,24801.28,8637.44
Canada,Baby Food,Online,M,7/20/2011,961165368,8/4/2011,9046,255.28,159.42,2309262.88,1442113.32,867149.56
United States of America,Meat,Offline,H,6/2/2011,120906102,6/4/2011,7657,421.89,364.69,3230411.73,2792431.33,437980.4
Mexico,Cosmetics,Offline,H,7/9/2017,549815785,8/26/2017,1564,437.2,263.33,683780.8,411848.12,271932.68
Canada,Beverages,Online,H,8/29/2016,506648099,9/10/2016,7286,47.45,31.79,345720.7,231621.94,114098.76
United States of America,Baby Food,Offline,H,4/28/2012,694661080,5/5/2012,4505,255.28,159.42,1150036.4,718187.1,431849.3
Mexico,Cosmetics,Online,L,5/26/2015,986533915,5/28/2015,6163,437.2,263.33,2694463.6,1622902.79,1071560.81
Greenland,Office Supplies,Offline,H,5/8/2014,926356732,5/18/2014,8398,651.21,524.96,5468861.58,4408614.08,1060247.5
Mexico,Office Supplies,Online,M,5/8/2016,949808251,6/10/2016,8223,651.21,524.96,5354899.83,4316746.08,1038153.75
Greenland,Vegetables,Offline,C,2/11/2010,138097560,4/2/2010,4992,154.06,90.93,769067.52,453922.56,315144.96
United States of America,Cosmetics,Online,H,8/30/2016,377632558,9/4/2016,8721,437.2,263.33,3812821.2,2296500.93,1516320.27
Mexico,Household,Offline,M,2/24/2014,639980494,4/8/2014,3305,668.27,502.54,2208632.35,1660894.7,547737.65
Greenland,Meat,Online,C,7/7/2016,403406655,7/12/2016,5849,421.89,364.69,2467634.61,2133071.81,334562.8
Mexico,Fruits,Offline,M,8/17/2011,851398646,9/8/2011,6634,9.33,6.92,61895.22,45907.28,15987.94
Mexico,Meat,Online,H,7/8/2015,372671115,7/8/2015,519,421.89,364.69,218960.91,189274.11,29686.8
Canada,Meat,Online,L,8/26/2012,239733541,10/5/2012,1337,421.89,364.69,564066.93,487590.53,76476.4
Mexico,Baby Food,Online,H,9/23/2016,655384528,10/27/2016,1701,255.28,159.42,434231.28,271173.42,163057.86
Mexico,Vegetables,Offline,L,6/4/2012,992565667,6/6/2012,1093,154.06,90.93,168387.58,99386.49,69001.09
Canada,Office Supplies,Online,H,7/11/2014,233504378,7/16/2014,7989,651.21,524.96,5202516.69,4193905.44,1008611.25
Greenland,Clothes,Offline,L,6/3/2015,537892615,6/3/2015,3233,109.28,35.84,353302.24,115870.72,237431.52
Canada,Baby Food,Online,M,5/23/2012,182418811,7/12/2012,635,255.28,159.42,162102.8,101231.7,60871.1
Mexico,Fruits,Online,C,12/29/2013,377378070,2/6/2014,3412,9.33,6.92,31833.96,23611.04,8222.92
Mexico,Household,Offline,H,1/4/2015,527408397,2/2/2015,720,668.27,502.54,481154.4,361828.8,119325.6
Greenland,Snacks,Offline,L,5/14/2013,705483043,5/31/2013,6965,152.58,97.44,1062719.7,678669.6,384050.1
United States of America,Meat,Offline,M,6/8/2014,163325774,7/13/2014,581,421.89,364.69,245118.09,211884.89,33233.2
United States of America,Cosmetics,Offline,M,12/6/2016,922750985,12/14/2016,1377,437.2,263.33,602024.4,362605.41,239418.99
Mexico,Cosmetics,Offline,C,3/19/2012,193708121,3/25/2012,1393,437.2,263.33,609019.6,366818.69,242200.91
United States of America,Baby Food,Online,L,7/27/2014,128262650,8/9/2014,4623,255.28,159.42,1180159.44,736998.66,443160.78
Mexico,Cereal,Offline,H,6/23/2010,295936334,6/23/2010,2992,205.7,117.11,615454.4,350393.12,265061.28
Greenland,Household,Offline,H,7/30/2012,417865264,8/9/2012,4472,668.27,502.54,2988503.44,2247358.88,741144.56
United States of America,Personal Care,Offline,H,10/29/2016,184351289,11/8/2016,2498,81.73,56.67,204161.54,141561.66,62599.88
United States of America,Clothes,Online,M,3/21/2012,987323558,5/2/2012,9836,109.28,35.84,1074878.08,352522.24,722355.84
Canada,Fruits,Offline,M,5/27/2014,450559461,6/11/2014,9412,9.33,6.92,87813.96,65131.04,22682.92
Canada,Household,Online,C,5/30/2012,939589250,6/20/2012,4194,668.27,502.54,2802724.38,2107652.76,695071.62
Greenland,Meat,Online,H,8/2/2010,950582444,8/28/2010,7324,421.89,364.69,3089922.36,2670989.56,418932.8
Canada,Fruits,Offline,H,11/23/2016,441046845,12/13/2016,4417,9.33,6.92,41210.61,30565.64,10644.97
Mexico,Vegetables,Offline,C,6/27/2013,619490134,8/5/2013,9752,154.06,90.93,1502393.12,886749.36,615643.76
Greenland,Beverages,Offline,L,9/24/2012,855217254,9/29/2012,6645,47.45,31.79,315305.25,211244.55,104060.7
Greenland,Clothes,Online,M,1/20/2011,641009175,1/21/2011,7714,109.28,35.84,842985.92,276469.76,566516.16
Canada,Clothes,Offline,C,7/23/2013,372993409,9/3/2013,5893,109.28,35.84,643987.04,211205.12,432781.92
Greenland,Personal Care,Online,M,9/15/2013,259844529,10/5/2013,2625,81.73,56.67,214541.25,148758.75,65782.5
United States of America,Cereal,Offline,H,8/3/2011,677552878,9/4/2011,1808,205.7,117.11,371905.6,211734.88,160170.72
Mexico,Baby Food,Online,H,1/28/2012,422530591,2/10/2012,5046,255.28,159.42,1288142.88,804433.32,483709.56
United States of America,Meat,Online,C,1/28/2010,995313966,3/10/2010,4375,421.89,364.69,1845768.75,1595518.75,250250
Mexico,Cereal,Online,L,3/31/2013,375658452,4/9/2013,4539,205.7,117.11,933672.3,531562.29,402110.01
Mexico,Personal Care,Offline,C,12/20/2014,328885018,1/11/2015,3240,81.73,56.67,264805.2,183610.8,81194.4
Greenland,Meat,Online,M,7/4/2017,212084043,7/14/2017,9236,421.89,364.69,3896576.04,3368276.84,528299.2
United States of America,Cereal,Online,H,8/12/2013,296050488,8/26/2013,6773,205.7,117.11,1393206.1,793186.03,600020.07
United States of America,Office Supplies,Online,H,8/28/2014,287862670,9/27/2014,3816,651.21,524.96,2485017.36,2003247.36,481770
Greenland,Beverages,Offline,C,6/21/2017,279306209,7/6/2017,1769,47.45,31.79,83939.05,56236.51,27702.54
Greenland,Office Supplies,Online,M,4/12/2012,515147483,5/28/2012,2443,651.21,524.96,1590906.03,1282477.28,308428.75
Greenland,Personal Care,Offline,L,8/12/2010,482931363,9/11/2010,8977,81.73,56.67,733690.21,508726.59,224963.62
United States of America,Meat,Offline,C,3/8/2015,624550282,3/19/2015,7162,421.89,364.69,3021576.18,2611909.78,409666.4
Mexico,Cereal,Online,H,12/15/2011,180080783,1/10/2012,8760,205.7,117.11,1801932,1025883.6,776048.4
Greenland,Cosmetics,Offline,H,2/3/2017,748479497,2/9/2017,571,437.2,263.33,249641.2,150361.43,99279.77
Greenland,Cosmetics,Offline,C,11/16/2016,255433690,12/20/2016,7360,437.2,263.33,3217792,1938108.8,1279683.2
United States of America,Office Supplies,Online,C,5/11/2010,493981635,5/27/2010,8998,651.21,524.96,5859587.58,4723590.08,1135997.5
United States of America,Snacks,Offline,M,6/2/2017,867155873,7/20/2017,9548,152.58,97.44,1456833.84,930357.12,526476.72
Mexico,Vegetables,Offline,L,8/1/2011,871312224,8/19/2011,9505,154.06,90.93,1464340.3,864289.65,600050.65
Mexico,Clothes,Online,C,12/23/2015,431606757,12/26/2015,886,109.28,35.84,96822.08,31754.24,65067.84
Greenland,Clothes,Online,M,3/14/2013,414581811,5/3/2013,2826,109.28,35.84,308825.28,101283.84,207541.44
Canada,Snacks,Offline,H,12/13/2013,110489690,12/18/2013,5209,152.58,97.44,794789.22,507564.96,287224.26
Greenland,Baby Food,Offline,H,2/23/2013,803004300,3/18/2013,5672,255.28,159.42,1447948.16,904230.24,543717.92
United States of America,Personal Care,Online,H,12/1/2011,553114688,12/5/2011,7782,81.73,56.67,636022.86,441005.94,195016.92
Canada,Snacks,Online,M,11/16/2015,746900212,12/15/2015,3225,152.58,97.44,492070.5,314244,177826.5
Mexico,Beverages,Online,L,6/16/2017,228376424,6/24/2017,514,47.45,31.79,24389.3,16340.06,8049.24
Canada,Baby Food,Online,M,6/18/2017,647815120,7/31/2017,1745,255.28,159.42,445463.6,278187.9,167275.7
Canada,Baby Food,Online,H,11/21/2015,425699889,12/1/2015,2912,255.28,159.42,743375.36,464231.04,279144.32
Canada,Fruits,Offline,L,9/12/2011,276459205,9/21/2011,9277,9.33,6.92,86554.41,64196.84,22357.57
United States of America,Cosmetics,Offline,M,5/30/2014,499914681,7/18/2014,4718,437.2,263.33,2062709.6,1242390.94,820318.66
United States of America,Clothes,Offline,H,4/29/2017,616559875,5/10/2017,2623,109.28,35.84,286641.44,94008.32,192633.12
Canada,Household,Online,L,11/14/2014,866236627,1/3/2015,7522,668.27,502.54,5026726.94,3780105.88,1246621.06
Mexico,Cereal,Offline,H,12/22/2012,508481872,12/28/2012,9940,205.7,117.11,2044658,1164073.4,880584.6
United States of America,Snacks,Online,H,9/22/2015,489965617,11/10/2015,569,152.58,97.44,86818.02,55443.36,31374.66
Mexico,Clothes,Online,M,1/13/2010,312608087,2/3/2010,6535,109.28,35.84,714144.8,234214.4,479930.4
Canada,Cereal,Offline,M,10/21/2014,191676938,11/18/2014,320,205.7,117.11,65824,37475.2,28348.8
Greenland,Snacks,Online,L,5/24/2011,239058053,6/8/2011,1445,152.58,97.44,220478.1,140800.8,79677.3
Mexico,Personal Care,Online,H,7/31/2013,782711350,8/3/2013,537,81.73,56.67,43889.01,30431.79,13457.22
Greenland,Baby Food,Offline,H,7/13/2013,381139600,8/23/2013,6532,255.28,159.42,1667488.96,1041331.44,626157.52
Mexico,Household,Online,C,6/24/2014,559229695,7/19/2014,7349,668.27,502.54,4911116.23,3693166.46,1217949.77
United States of America,Cosmetics,Online,H,6/17/2014,329929149,7/15/2014,2222,437.2,263.33,971458.4,585119.26,386339.14
United States of America,Meat,Offline,C,8/5/2012,296092116,9/24/2012,9092,421.89,364.69,3835823.88,3315761.48,520062.4
Canada,Office Supplies,Offline,C,10/27/2015,651140201,12/6/2015,5710,651.21,524.96,3718409.1,2997521.6,720887.5
Greenland,Cereal,Offline,H,5/3/2017,183307158,5/8/2017,3517,205.7,117.11,723446.9,411875.87,311571.03
Canada,Baby Food,Online,M,2/4/2012,695518529,2/25/2012,8244,255.28,159.42,2104528.32,1314258.48,790269.84
Greenland,Beverages,Online,L,3/2/2011,792463004,3/21/2011,6268,47.45,31.79,297416.6,199259.72,98156.88
Mexico,Personal Care,Online,H,9/13/2016,991973435,11/1/2016,5838,81.73,56.67,477139.74,330839.46,146300.28
Greenland,Office Supplies,Online,C,4/6/2015,865857255,5/2/2015,5258,651.21,524.96,3424062.18,2760239.68,663822.5
United States of America,Office Supplies,Offline,M,7/26/2016,258098733,7/27/2016,6005,651.21,524.96,3910516.05,3152384.8,758131.25
Greenland,Meat,Online,H,6/7/2011,171835887,6/17/2011,8912,421.89,364.69,3759883.68,3250117.28,509766.4
Mexico,Clothes,Offline,M,7/23/2014,143651235,7/31/2014,8447,109.28,35.84,923088.16,302740.48,620347.68
Mexico,Baby Food,Offline,H,4/21/2011,428957164,5/23/2011,6812,255.28,159.42,1738967.36,1085969.04,652998.32
Mexico,Clothes,Offline,M,12/19/2015,887490451,12/21/2015,7001,109.28,35.84,765069.28,250915.84,514153.44
Greenland,Vegetables,Offline,C,7/18/2010,839433848,8/28/2010,5985,154.06,90.93,922049.1,544216.05,377833.05
Canada,Fruits,Offline,L,1/9/2015,534650790,2/4/2015,3905,9.33,6.92,36433.65,27022.6,9411.05
Mexico,Clothes,Offline,L,2/6/2013,469797551,3/15/2013,2390,109.28,35.84,261179.2,85657.6,175521.6
Mexico,Household,Online,C,4/2/2010,215086829,4/18/2010,7827,668.27,502.54,5230549.29,3933380.58,1297168.71
United States of America,Office Supplies,Offline,C,12/23/2015,915789258,1/9/2016,1247,651.21,524.96,812058.87,654625.12,157433.75
Greenland,Meat,Online,C,2/5/2017,423657977,3/17/2017,8665,421.89,364.69,3655676.85,3160038.85,495638
Mexico,Household,Offline,H,12/21/2013,210774695,2/6/2014,1771,668.27,502.54,1183506.17,889998.34,293507.83
Greenland,Meat,Offline,M,4/26/2017,238761937,5/9/2017,3818,421.89,364.69,1610776.02,1392386.42,218389.6
Greenland,Baby Food,Online,M,10/3/2010,979359328,11/3/2010,3044,255.28,159.42,777072.32,485274.48,291797.84
Greenland,Personal Care,Online,M,10/29/2011,721957385,11/1/2011,2089,81.73,56.67,170733.97,118383.63,52350.34
United States of America,Fruits,Offline,M,2/24/2010,904557025,4/7/2010,7380,9.33,6.92,68855.4,51069.6,17785.8
Mexico,Baby Food,Offline,L,10/26/2010,290792930,11/1/2010,945,255.28,159.42,241239.6,150651.9,90587.7
United States of America,Personal Care,Offline,C,1/11/2011,233337867,1/24/2011,8715,81.73,56.67,712276.95,493879.05,218397.9
Canada,Meat,Offline,H,1/3/2011,592557752,1/23/2011,9862,421.89,364.69,4160679.18,3596572.78,564106.4
United States of America,Snacks,Online,L,11/10/2012,972272717,12/13/2012,5958,152.58,97.44,909071.64,580547.52,328524.12
United States of America,Clothes,Offline,M,5/19/2013,583709895,5/25/2013,1584,109.28,35.84,173099.52,56770.56,116328.96
United States of America,Office Supplies,Online,L,2/11/2013,807529294,3/6/2013,4718,651.21,524.96,3072408.78,2476761.28,595647.5
Greenland,Beverages,Offline,C,3/2/2016,539612233,4/2/2016,2106,47.45,31.79,99929.7,66949.74,32979.96
Mexico,Beverages,Offline,M,2/25/2017,519417989,3/26/2017,6180,47.45,31.79,293241,196462.2,96778.8
Canada,Beverages,Offline,L,2/21/2015,951850163,2/25/2015,2470,47.45,31.79,117201.5,78521.3,38680.2
United States of America,Personal Care,Online,H,11/27/2014,447940766,1/3/2015,4482,81.73,56.67,366313.86,253994.94,112318.92
Greenland,Cosmetics,Online,M,12/14/2015,549758708,12/29/2015,4673,437.2,263.33,2043035.6,1230541.09,812494.51
United States of America,Cosmetics,Offline,H,11/8/2011,913238370,11/21/2011,6383,437.2,263.33,2790647.6,1680835.39,1109812.21
Mexico,Clothes,Offline,C,6/23/2013,219061219,8/10/2013,3938,109.28,35.84,430344.64,141137.92,289206.72
United States of America,Office Supplies,Offline,M,10/7/2014,676763236,11/20/2014,8136,651.21,524.96,5298244.56,4271074.56,1027170
Canada,Vegetables,Online,L,1/11/2017,977541005,2/14/2017,4961,154.06,90.93,764291.66,451103.73,313187.93
Mexico,Snacks,Offline,C,7/19/2013,259366452,8/18/2013,1152,152.58,97.44,175772.16,112250.88,63521.28
Canada,Cosmetics,Offline,M,10/30/2015,370006072,12/2/2015,1874,437.2,263.33,819312.8,493480.42,325832.38
Mexico,Household,Online,L,10/30/2010,603847062,11/26/2010,619,668.27,502.54,413659.13,311072.26,102586.87
Mexico,Clothes,Online,L,9/19/2013,331830728,11/4/2013,4941,109.28,35.84,539952.48,177085.44,362867.04
United States of America,Personal Care,Online,C,7/29/2016,614840257,8/30/2016,3750,81.73,56.67,306487.5,212512.5,93975
Canada,Vegetables,Online,C,10/17/2012,779848897,10/18/2012,3473,154.06,90.93,535050.38,315799.89,219250.49
Greenland,Cereal,Online,M,5/12/2012,955881631,5/30/2012,5471,205.7,117.11,1125384.7,640708.81,484675.89
Mexico,Vegetables,Offline,M,5/27/2012,694900119,6/24/2012,5242,154.06,90.93,807582.52,476655.06,330927.46
United States of America,Personal Care,Online,H,2/15/2012,824102342,3/12/2012,9051,81.73,56.67,739738.23,512920.17,226818.06
Mexico,Meat,Online,M,4/25/2011,238819015,6/9/2011,708,421.89,364.69,298698.12,258200.52,40497.6
Canada,Household,Online,L,5/14/2016,825988471,7/2/2016,7199,668.27,502.54,4810875.73,3617785.46,1193090.27
Greenland,Snacks,Online,L,1/3/2017,438807523,1/17/2017,1752,152.58,97.44,267320.16,170714.88,96605.28
Canada,Baby Food,Offline,L,11/10/2014,553182494,12/9/2014,7848,255.28,159.42,2003437.44,1251128.16,752309.28
Mexico,Vegetables,Online,M,1/12/2011,914900910,1/23/2011,8365,154.06,90.93,1288711.9,760629.45,528082.45
United States of America,Clothes,Offline,M,3/5/2014,565515935,4/15/2014,7587,109.28,35.84,829107.36,271918.08,557189.28
Greenland,Office Supplies,Online,C,7/11/2014,848749053,7/11/2014,2561,651.21,524.96,1667748.81,1344422.56,323326.25
United States of America,Personal Care,Online,H,5/25/2014,777427613,6/1/2014,6962,81.73,56.67,569004.26,394536.54,174467.72
Greenland,Cereal,Offline,L,5/27/2013,594573485,5/29/2013,6362,205.7,117.11,1308663.4,745053.82,563609.58
Canada,Personal Care,Online,M,12/28/2014,823931109,1/28/2015,8380,81.73,56.67,684897.4,474894.6,210002.8
Canada,Cosmetics,Offline,L,3/22/2017,447670829,4/15/2017,4601,437.2,263.33,2011557.2,1211581.33,799975.87
Greenland,Household,Offline,M,2/13/2010,491217887,3/17/2010,1144,668.27,502.54,764500.88,574905.76,189595.12
Greenland,Cosmetics,Offline,L,9/7/2012,565697896,10/6/2012,1433,437.2,263.33,626507.6,377351.89,249155.71
United States of America,Cosmetics,Offline,H,8/19/2014,537076795,9/11/2014,1813,437.2,263.33,792643.6,477417.29,315226.31
Greenland,Vegetables,Offline,L,1/21/2013,818153846,3/10/2013,8759,154.06,90.93,1349411.54,796455.87,552955.67
United States of America,Snacks,Offline,C,10/8/2010,635528028,10/28/2010,5721,152.58,97.44,872910.18,557454.24,315455.94
Mexico,Baby Food,Online,C,6/4/2011,299276864,7/17/2011,1530,255.28,159.42,390578.4,243912.6,146665.8
Canada,Clothes,Offline,C,4/24/2013,125540530,5/8/2013,9088,109.28,35.84,993136.64,325713.92,667422.72
Canada,Household,Offline,C,10/23/2016,678254544,12/9/2016,9447,668.27,502.54,6313146.69,4747495.38,1565651.31
Mexico,Cosmetics,Online,L,10/23/2016,152431285,12/9/2016,6659,437.2,263.33,2911314.8,1753514.47,1157800.33
Canada,Household,Online,M,6/18/2010,683455026,7/10/2010,8385,668.27,502.54,5603443.95,4213797.9,1389646.05
United States of America,Cereal,Offline,H,3/27/2016,885729205,5/3/2016,5810,205.7,117.11,1195117,680409.1,514707.9
Canada,Beverages,Offline,H,1/21/2010,720279395,1/30/2010,5534,47.45,31.79,262588.3,175925.86,86662.44
United States of America,Cosmetics,Offline,M,2/10/2014,113014400,3/2/2014,2327,437.2,263.33,1017364.4,612768.91,404595.49
Mexico,Baby Food,Online,M,1/21/2015,488485038,3/1/2015,2433,255.28,159.42,621096.24,387868.86,233227.38
United States of America,Fruits,Offline,L,8/1/2011,958687007,9/9/2011,5644,9.33,6.92,52658.52,39056.48,13602.04
Canada,Fruits,Online,M,4/20/2016,876679217,5/26/2016,7717,9.33,6.92,71999.61,53401.64,18597.97
Greenland,Beverages,Offline,L,6/26/2012,520389592,7/2/2012,3699,47.45,31.79,175517.55,117591.21,57926.34
Mexico,Office Supplies,Offline,L,8/20/2012,276178538,8/23/2012,6222,651.21,524.96,4051828.62,3266301.12,785527.5
Canada,Cereal,Offline,H,11/7/2013,668897712,11/7/2013,552,205.7,117.11,113546.4,64644.72,48901.68
United States of America,Personal Care,Offline,C,3/8/2015,537175500,4/18/2015,1023,81.73,56.67,83609.79,57973.41,25636.38
Canada,Beverages,Offline,H,5/31/2010,171877515,7/16/2010,1231,47.45,31.79,58410.95,39133.49,19277.46
Greenland,Personal Care,Offline,L,7/16/2014,527548730,8/17/2014,2247,81.73,56.67,183647.31,127337.49,56309.82
United States of America,Baby Food,Offline,M,10/14/2016,929515302,10/28/2016,3089,255.28,159.42,788559.92,492448.38,296111.54
Mexico,Baby Food,Online,M,5/31/2016,502309787,6/3/2016,3483,255.28,159.42,889140.24,555259.86,333880.38
Greenland,Baby Food,Online,H,4/8/2013,958079326,5/17/2013,5818,255.28,159.42,1485219.04,927505.56,557713.48
United States of America,Baby Food,Offline,L,11/30/2016,343951308,12/27/2016,1690,255.28,159.42,431423.2,269419.8,162003.4
Canada,Clothes,Offline,C,7/9/2012,956359708,7/18/2012,6945,109.28,35.84,758949.6,248908.8,510040.8
Greenland,Vegetables,Online,L,1/11/2015,384578835,1/11/2015,4278,154.06,90.93,659068.68,388998.54,270070.14
Canada,Cereal,Offline,L,11/17/2010,147059571,12/13/2010,7050,205.7,117.11,1450185,825625.5,624559.5
Mexico,Snacks,Offline,M,9/8/2015,488822782,10/5/2015,2379,152.58,97.44,362987.82,231809.76,131178.06
Mexico,Office Supplies,Online,M,8/6/2011,637486684,8/26/2011,5331,651.21,524.96,3471600.51,2798561.76,673038.75
Mexico,Personal Care,Online,C,9/1/2013,589191043,10/9/2013,3578,81.73,56.67,292429.94,202765.26,89664.68
Greenland,Office Supplies,Offline,L,11/29/2015,482297503,1/9/2016,1404,651.21,524.96,914298.84,737043.84,177255
Canada,Cereal,Online,C,11/9/2011,804807174,12/3/2011,9182,205.7,117.11,1888737.4,1075304.02,813433.38
United States of America,Baby Food,Online,H,1/30/2017,106982648,2/20/2017,7398,255.28,159.42,1888561.44,1179389.16,709172.28
Canada,Meat,Online,H,10/6/2011,597898566,11/24/2011,327,421.89,364.69,137958.03,119253.63,18704.4
United States of America,Office Supplies,Online,L,9/5/2013,530115067,10/7/2013,1684,651.21,524.96,1096637.64,884032.64,212605
Canada,Office Supplies,Online,L,1/5/2017,901933610,1/15/2017,1053,651.21,524.96,685724.13,552782.88,132941.25
Canada,Household,Online,L,7/11/2015,704735028,7/25/2015,5610,668.27,502.54,3748994.7,2819249.4,929745.3
Mexico,Clothes,Online,L,11/15/2012,210577285,11/26/2012,3353,109.28,35.84,366415.84,120171.52,246244.32
Mexico,Fruits,Offline,H,10/24/2010,571927058,11/6/2010,4781,9.33,6.92,44606.73,33084.52,11522.21
Mexico,Clothes,Offline,M,2/18/2017,618560159,4/7/2017,4552,109.28,35.84,497442.56,163143.68,334298.88
Canada,Household,Online,H,9/8/2010,720617139,10/25/2010,5480,668.27,502.54,3662119.6,2753919.2,908200.4
Canada,Cereal,Online,M,7/16/2014,768616664,8/11/2014,9606,205.7,117.11,1975954.2,1124958.66,850995.54
Mexico,Baby Food,Offline,M,1/8/2015,424645030,1/20/2015,756,255.28,159.42,192991.68,120521.52,72470.16
Greenland,Vegetables,Online,M,7/25/2017,660964381,8/27/2017,2903,154.06,90.93,447236.18,263969.79,183266.39
Greenland,Office Supplies,Offline,H,6/3/2014,966661965,7/16/2014,5612,651.21,524.96,3654590.52,2946075.52,708515
Mexico,Snacks,Offline,L,9/17/2011,614190948,11/2/2011,1605,152.58,97.44,244890.9,156391.2,88499.7
United States of America,Baby Food,Online,C,6/4/2015,693632400,7/23/2015,96,255.28,159.42,24506.88,15304.32,9202.56
Mexico,Cosmetics,Online,C,2/4/2017,685782325,2/6/2017,7084,437.2,263.33,3097124.8,1865429.72,1231695.08
United States of America,Meat,Offline,L,12/27/2010,934814488,1/3/2011,1236,421.89,364.69,521456.04,450756.84,70699.2
Canada,Household,Online,H,3/26/2011,454970300,3/28/2011,4677,668.27,502.54,3125498.79,2350379.58,775119.21
Mexico,Beverages,Offline,M,8/25/2014,984814298,9/17/2014,7290,47.45,31.79,345910.5,231749.1,114161.4
Mexico,Fruits,Online,M,4/5/2011,361495959,4/12/2011,3542,9.33,6.92,33046.86,24510.64,8536.22
Canada,Cosmetics,Offline,L,7/28/2011,184081351,9/14/2011,2617,437.2,263.33,1144152.4,689134.61,455017.79
Canada,Fruits,Offline,M,4/9/2017,190310513,5/11/2017,5965,9.33,6.92,55653.45,41277.8,14375.65
Greenland,Meat,Offline,L,5/27/2016,977203261,7/13/2016,5016,421.89,364.69,2116200.24,1829285.04,286915.2
Greenland,Snacks,Online,L,4/27/2015,283675420,5/14/2015,4715,152.58,97.44,719414.7,459429.6,259985.1
Greenland,Cereal,Online,M,6/24/2016,295879256,7/13/2016,6102,205.7,117.11,1255181.4,714605.22,540576.18
Greenland,Beverages,Online,M,6/11/2017,659582507,7/22/2017,3976,47.45,31.79,188661.2,126397.04,62264.16
Canada,Vegetables,Online,L,5/29/2014,672617614,6/14/2014,1354,154.06,90.93,208597.24,123119.22,85478.02
Mexico,Cosmetics,Online,C,2/17/2013,355266797,3/12/2013,195,437.2,263.33,85254,51349.35,33904.65
Greenland,Office Supplies,Online,M,8/23/2016,189972770,10/7/2016,6019,651.21,524.96,3919632.99,3159734.24,759898.75
Greenland,Vegetables,Offline,C,8/17/2014,202966248,9/21/2014,1078,154.06,90.93,166076.68,98022.54,68054.14
Greenland,Snacks,Online,M,3/6/2017,423897016,3/15/2017,9402,152.58,97.44,1434557.16,916130.88,518426.28
Mexico,Vegetables,Online,M,10/18/2014,803300416,11/12/2014,3299,154.06,90.93,508243.94,299978.07,208265.87
Mexico,Cosmetics,Online,L,10/10/2011,341442048,10/18/2011,9144,437.2,263.33,3997756.8,2407889.52,1589867.28
Greenland,Baby Food,Offline,C,12/23/2016,509650886,1/10/2017,5877,255.28,159.42,1500280.56,936911.34,563369.22
Mexico,Cosmetics,Online,L,1/20/2013,992903411,3/1/2013,1039,437.2,263.33,454250.8,273599.87,180650.93
Canada,Meat,Online,C,11/11/2016,817701947,12/28/2016,5032,421.89,364.69,2122950.48,1835120.08,287830.4
Canada,Fruits,Offline,M,5/11/2012,843829238,6/11/2012,6678,9.33,6.92,62305.74,46211.76,16093.98
United States of America,Personal Care,Online,C,2/1/2016,932559716,2/6/2016,3998,81.73,56.67,326756.54,226566.66,100189.88
Greenland,Clothes,Online,C,4/19/2013,974610745,4/25/2013,7832,109.28,35.84,855880.96,280698.88,575182.08
Mexico,Personal Care,Online,L,11/8/2012,309719455,12/8/2012,1724,81.73,56.67,140902.52,97699.08,43203.44
Mexico,Clothes,Offline,C,1/16/2010,756724393,2/8/2010,419,109.28,35.84,45788.32,15016.96,30771.36
Mexico,Vegetables,Online,M,3/16/2010,869254863,3/16/2010,686,154.06,90.93,105685.16,62377.98,43307.18
Canada,Vegetables,Offline,C,2/1/2011,636484181,2/1/2011,8668,154.06,90.93,1335392.08,788181.24,547210.84
United States of America,Fruits,Online,M,9/30/2014,775905406,10/11/2014,6507,9.33,6.92,60710.31,45028.44,15681.87
Greenland,Household,Online,M,1/12/2017,430661332,1/28/2017,1113,668.27,502.54,743784.51,559327.02,184457.49
Canada,Baby Food,Offline,H,8/16/2010,355490386,10/2/2010,6360,255.28,159.42,1623580.8,1013911.2,609669.6
United States of America,Vegetables,Offline,L,9/24/2013,669562470,10/27/2013,7269,154.06,90.93,1119862.14,660970.17,458891.97
Mexico,Household,Online,L,6/19/2012,706906545,8/4/2012,8210,668.27,502.54,5486496.7,4125853.4,1360643.3
Canada,Cosmetics,Offline,L,12/13/2010,187364804,12/21/2010,4264,437.2,263.33,1864220.8,1122839.12,741381.68
Greenland,Baby Food,Online,M,9/26/2014,176049315,10/8/2014,5759,255.28,159.42,1470157.52,918099.78,552057.74
Greenland,Cereal,Online,H,4/24/2015,564809548,5/17/2015,8552,205.7,117.11,1759146.4,1001524.72,757621.68
United States of America,Snacks,Offline,M,5/23/2010,601509034,5/26/2010,8745,152.58,97.44,1334312.1,852112.8,482199.3
Greenland,Household,Offline,H,8/4/2016,578395259,8/22/2016,8865,668.27,502.54,5924213.55,4455017.1,1469196.45
United States of America,Household,Online,L,12/23/2011,149303615,1/27/2012,1112,668.27,502.54,743116.24,558824.48,184291.76
United States of America,Cereal,Offline,M,11/5/2013,777328908,12/15/2013,7753,205.7,117.11,1594792.1,907953.83,686838.27
United States of America,Personal Care,Online,H,10/28/2010,184408366,12/9/2010,9388,81.73,56.67,767281.24,532017.96,235263.28
United States of America,Household,Offline,L,1/23/2015,294725692,1/26/2015,4737,668.27,502.54,3165594.99,2380531.98,785063.01
United States of America,Office Supplies,Offline,M,10/30/2011,834009778,12/10/2011,882,651.21,524.96,574367.22,463014.72,111352.5
Greenland,Clothes,Offline,M,1/23/2014,524067866,3/1/2014,2182,109.28,35.84,238448.96,78202.88,160246.08
United States of America,Office Supplies,Offline,L,12/10/2013,853175342,1/13/2014,2398,651.21,524.96,1561601.58,1258854.08,302747.5
Canada,Household,Offline,M,5/17/2014,961897933,6/8/2014,5829,668.27,502.54,3895345.83,2929305.66,966040.17
Mexico,Fruits,Online,M,7/24/2016,408170688,8/19/2016,5632,9.33,6.92,52546.56,38973.44,13573.12
Greenland,Cereal,Offline,C,1/31/2011,811233747,3/15/2011,948,205.7,117.11,195003.6,111020.28,83983.32
United States of America,Beverages,Offline,L,2/18/2015,838223206,4/2/2015,7729,47.45,31.79,366741.05,245704.91,121036.14
Mexico,Clothes,Offline,H,11/21/2014,284958589,1/2/2015,4434,109.28,35.84,484547.52,158914.56,325632.96
Mexico,Cosmetics,Offline,L,5/21/2011,826003921,7/5/2011,1771,437.2,263.33,774281.2,466357.43,307923.77
Mexico,Fruits,Offline,L,6/21/2016,379632842,8/2/2016,649,9.33,6.92,6055.17,4491.08,1564.09
Mexico,Cosmetics,Online,C,8/16/2013,937547338,10/5/2013,9946,437.2,263.33,4348391.2,2619080.18,1729311.02
Mexico,Clothes,Offline,L,4/8/2010,793886506,5/25/2010,7514,109.28,35.84,821129.92,269301.76,551828.16
Mexico,Office Supplies,Offline,L,6/16/2010,438765895,7/15/2010,9433,651.21,524.96,6142863.93,4951947.68,1190916.25
United States of America,Office Supplies,Online,C,11/18/2014,325024783,11/22/2014,911,651.21,524.96,593252.31,478238.56,115013.75
Mexico,Snacks,Offline,H,4/7/2012,792660415,4/10/2012,4686,152.58,97.44,714989.88,456603.84,258386.04
Mexico,Cosmetics,Online,L,7/24/2012,410622870,8/6/2012,1287,437.2,263.33,562676.4,338905.71,223770.69
Canada,Vegetables,Offline,H,10/23/2016,262437045,11/2/2016,9808,154.06,90.93,1511020.48,891841.44,619179.04
Mexico,Vegetables,Online,L,10/9/2015,338989865,10/30/2015,3489,154.06,90.93,537515.34,317254.77,220260.57
United States of America,Snacks,Offline,M,6/26/2011,970215356,7/12/2011,7139,152.58,97.44,1089268.62,695624.16,393644.46
Canada,Meat,Online,C,12/16/2013,201485669,1/10/2014,2942,421.89,364.69,1241200.38,1072917.98,168282.4
United States of America,Fruits,Online,M,7/8/2014,516685140,8/14/2014,7470,9.33,6.92,69695.1,51692.4,18002.7
Canada,Household,Offline,C,10/9/2010,614471614,10/10/2010,4660,668.27,502.54,3114138.2,2341836.4,772301.8
Greenland,Baby Food,Offline,H,9/20/2016,408648765,10/7/2016,7105,255.28,159.42,1813764.4,1132679.1,681085.3
Mexico,Personal Care,Online,C,6/30/2015,975005567,7/26/2015,4669,81.73,56.67,381597.37,264592.23,117005.14
Mexico,Fruits,Offline,L,11/12/2016,117129123,11/17/2016,9965,9.33,6.92,92973.45,68957.8,24015.65
Greenland,Vegetables,Offline,M,6/12/2010,279404914,7/15/2010,978,154.06,90.93,150670.68,88929.54,61741.14
United States of America,Vegetables,Online,L,1/3/2017,197739589,1/23/2017,4393,154.06,90.93,676785.58,399455.49,277330.09
United States of America,Snacks,Offline,H,5/4/2012,857643258,5/6/2012,4554,152.58,97.44,694849.32,443741.76,251107.56
Greenland,Fruits,Offline,H,8/2/2012,818294179,8/2/2012,287,9.33,6.92,2677.71,1986.04,691.67
Canada,Cosmetics,Offline,H,8/6/2015,788727653,8/13/2015,895,437.2,263.33,391294,235680.35,155613.65
United States of America,Baby Food,Online,M,3/16/2016,231322133,4/17/2016,2215,255.28,159.42,565445.2,353115.3,212329.9
Mexico,Household,Online,H,12/19/2015,974865233,1/11/2016,3141,668.27,502.54,2099036.07,1578478.14,520557.93
Mexico,Beverages,Online,C,12/17/2015,268624579,12/25/2015,837,47.45,31.79,39715.65,26608.23,13107.42
Greenland,Cosmetics,Offline,L,10/27/2012,709005534,12/15/2012,9348,437.2,263.33,4086945.6,2461608.84,1625336.76
Greenland,Baby Food,Offline,M,10/17/2016,758386933,11/7/2016,2401,255.28,159.42,612927.28,382767.42,230159.86
Mexico,Beverages,Online,M,6/27/2013,575802743,7/25/2013,1682,47.45,31.79,79810.9,53470.78,26340.12
United States of America,Personal Care,Offline,H,1/29/2014,402294719,2/24/2014,6802,81.73,56.67,555927.46,385469.34,170458.12
Mexico,Fruits,Online,M,5/8/2013,982995975,6/3/2013,9208,9.33,6.92,85910.64,63719.36,22191.28
Mexico,Cereal,Online,M,4/12/2017,524421060,5/2/2017,6700,205.7,117.11,1378190,784637,593553
United States of America,Baby Food,Online,C,4/4/2014,875187909,5/7/2014,6406,255.28,159.42,1635323.68,1021244.52,614079.16
Mexico,Office Supplies,Offline,M,6/7/2015,566191422,6/23/2015,7479,651.21,524.96,4870399.59,3926175.84,944223.75
United States of America,Cereal,Online,H,1/10/2015,361947858,1/18/2015,7269,205.7,117.11,1495233.3,851272.59,643960.71
Mexico,Cereal,Offline,H,1/8/2011,930289494,1/14/2011,2189,205.7,117.11,450277.3,256353.79,193923.51
Canada,Cosmetics,Offline,H,4/23/2014,199963462,5/23/2014,2487,437.2,263.33,1087316.4,654901.71,432414.69
United States of America,Beverages,Offline,M,9/10/2010,901034533,9/21/2010,4996,47.45,31.79,237060.2,158822.84,78237.36
United States of America,Clothes,Offline,L,9/18/2012,891662251,10/7/2012,1530,109.28,35.84,167198.4,54835.2,112363.2
Greenland,Office Supplies,Online,C,8/16/2013,762797772,8/23/2013,7667,651.21,524.96,4992827.07,4024868.32,967958.75
United States of America,Vegetables,Online,L,4/21/2012,837490642,5/27/2012,947,154.06,90.93,145894.82,86110.71,59784.11
Mexico,Office Supplies,Offline,M,6/8/2010,141100347,6/12/2010,3583,651.21,524.96,2333285.43,1880931.68,452353.75
United States of America,Office Supplies,Offline,C,9/6/2012,499379527,10/3/2012,6354,651.21,524.96,4137788.34,3335595.84,802192.5
Mexico,Baby Food,Online,L,9/10/2010,198415076,10/25/2010,4285,255.28,159.42,1093874.8,683114.7,410760.1
Mexico,Personal Care,Offline,M,4/19/2011,163211619,5/10/2011,6800,81.73,56.67,555764,385356,170408
Canada,Personal Care,Offline,L,5/18/2014,371330869,7/1/2014,3911,81.73,56.67,319646.03,221636.37,98009.66
Greenland,Cosmetics,Offline,M,2/16/2010,979021584,4/1/2010,3098,437.2,263.33,1354445.6,815796.34,538649.26
Canada,Office Supplies,Offline,C,5/3/2012,174033582,6/3/2012,9259,651.21,524.96,6029553.39,4860604.64,1168948.75
Greenland,Personal Care,Offline,H,2/27/2017,610413968,4/17/2017,3913,81.73,56.67,319809.49,221749.71,98059.78
Canada,Clothes,Offline,C,12/29/2012,650407636,1/31/2013,8928,109.28,35.84,975651.84,319979.52,655672.32
Greenland,Vegetables,Offline,L,7/11/2011,881936776,8/23/2011,3546,154.06,90.93,546296.76,322437.78,223858.98
United States of America,Clothes,Offline,H,2/17/2013,926824080,2/24/2013,6696,109.28,35.84,731738.88,239984.64,491754.24
United States of America,Cosmetics,Online,H,11/14/2011,901470983,11/30/2011,4151,437.2,263.33,1814817.2,1093082.83,721734.37
United States of America,Vegetables,Online,M,4/10/2014,181857478,5/18/2014,4524,154.06,90.93,696967.44,411367.32,285600.12
Mexico,Snacks,Online,H,11/12/2011,326292502,12/15/2011,6057,152.58,97.44,924177.06,590194.08,333982.98
Mexico,Vegetables,Online,L,2/10/2012,617432773,3/2/2012,933,154.06,90.93,143737.98,84837.69,58900.29
United States of America,Snacks,Online,M,2/18/2016,278391683,3/9/2016,1140,152.58,97.44,173941.2,111081.6,62859.6
United States of America,Personal Care,Online,L,8/16/2011,697705495,10/4/2011,5415,81.73,56.67,442567.95,306868.05,135699.9
Mexico,Personal Care,Online,M,8/28/2013,145074737,10/4/2013,9693,81.73,56.67,792208.89,549302.31,242906.58
Canada,Household,Online,M,1/18/2016,228797423,2/4/2016,5097,668.27,502.54,3406172.19,2561446.38,844725.81
Mexico,Snacks,Offline,C,4/21/2013,824538791,5/22/2013,8206,152.58,97.44,1252071.48,799592.64,452478.84
Canada,Cosmetics,Online,L,7/2/2011,143776118,7/17/2011,5403,437.2,263.33,2362191.6,1422771.99,939419.61
Greenland,Baby Food,Offline,H,10/14/2014,906063783,11/24/2014,3263,255.28,159.42,832978.64,520187.46,312791.18
Canada,Meat,Online,M,12/5/2012,328968274,1/18/2013,7878,421.89,364.69,3323649.42,2873027.82,450621.6
Mexico,Vegetables,Online,C,2/15/2011,637627017,3/10/2011,6859,154.06,90.93,1056697.54,623688.87,433008.67
Mexico,Vegetables,Online,M,7/27/2014,544080150,9/15/2014,4262,154.06,90.93,656603.72,387543.66,269060.06
Greenland,Fruits,Offline,L,1/24/2016,788587319,1/28/2016,9367,9.33,6.92,87394.11,64819.64,22574.47
United States of America,Baby Food,Online,C,12/20/2015,427985560,12/25/2015,9293,255.28,159.42,2372317.04,1481490.06,890826.98
Greenland,Snacks,Online,H,12/22/2014,376193606,1/23/2015,2903,152.58,97.44,442939.74,282868.32,160071.42
Greenland,Baby Food,Offline,C,1/20/2013,465033519,2/5/2013,2607,255.28,159.42,665514.96,415607.94,249907.02
Canada,Cosmetics,Online,C,10/28/2011,740967166,12/15/2011,7505,437.2,263.33,3281186,1976291.65,1304894.35
Canada,Cosmetics,Offline,H,7/17/2016,989448726,8/20/2016,8721,437.2,263.33,3812821.2,2296500.93,1516320.27
Canada,Cereal,Online,L,7/3/2017,846338498,8/22/2017,9224,205.7,117.11,1897376.8,1080222.64,817154.16
Canada,Office Supplies,Online,L,12/17/2016,849860990,1/17/2017,1607,651.21,524.96,1046494.47,843610.72,202883.75
Greenland,Beverages,Offline,L,4/15/2010,694744336,5/14/2010,9143,47.45,31.79,433835.35,290655.97,143179.38
Greenland,Household,Offline,M,8/7/2012,715530812,9/11/2012,323,668.27,502.54,215851.21,162320.42,53530.79
Mexico,Cosmetics,Online,H,3/17/2014,957798659,4/19/2014,2763,437.2,263.33,1207983.6,727580.79,480402.81
Greenland,Household,Online,M,6/5/2013,761176860,7/20/2013,8003,668.27,502.54,5348164.81,4021827.62,1326337.19
Mexico,Household,Online,H,6/14/2015,994919145,7/6/2015,7539,668.27,502.54,5038087.53,3788649.06,1249438.47
Mexico,Office Supplies,Offline,M,11/11/2016,620321404,11/24/2016,5743,651.21,524.96,3739899.03,3014845.28,725053.75
Canada,Vegetables,Offline,M,10/23/2014,854230201,11/24/2014,4554,154.06,90.93,701589.24,414095.22,287494.02
United States of America,Cereal,Online,L,3/4/2010,389597356,4/11/2010,9370,205.7,117.11,1927409,1097320.7,830088.3
Greenland,Snacks,Online,C,9/19/2012,189042794,9/21/2012,819,152.58,97.44,124963.02,79803.36,45159.66
Canada,Clothes,Online,M,10/26/2010,135053145,11/4/2010,4082,109.28,35.84,446080.96,146298.88,299782.08
Greenland,Fruits,Offline,L,8/5/2012,362410485,8/7/2012,4171,9.33,6.92,38915.43,28863.32,10052.11
Canada,Beverages,Online,C,7/19/2014,487482535,8/8/2014,5770,47.45,31.79,273786.5,183428.3,90358.2
Canada,Fruits,Online,L,4/19/2013,315678679,4/20/2013,5191,9.33,6.92,48432.03,35921.72,12510.31
Greenland,Office Supplies,Online,L,9/4/2014,845605933,10/17/2014,2442,651.21,524.96,1590254.82,1281952.32,308302.5
Canada,Clothes,Online,M,6/15/2017,885261857,7/25/2017,7511,109.28,35.84,820802.08,269194.24,551607.84
Greenland,Beverages,Online,C,5/15/2013,927541196,6/2/2013,8907,47.45,31.79,422637.15,283153.53,139483.62
Canada,Cosmetics,Offline,H,8/13/2012,944831359,9/14/2012,5450,437.2,263.33,2382740,1435148.5,947591.5
Mexico,Beverages,Offline,L,8/5/2016,118890368,8/26/2016,1157,47.45,31.79,54899.65,36781.03,18118.62
Mexico,Fruits,Offline,C,9/14/2016,860911262,10/1/2016,1629,9.33,6.92,15198.57,11272.68,3925.89
Mexico,Meat,Offline,L,3/5/2010,940098226,3/8/2010,4811,421.89,364.69,2029712.79,1754523.59,275189.2
Mexico,Fruits,Offline,M,9/25/2011,955543887,10/26/2011,5525,9.33,6.92,51548.25,38233,13315.25
Canada,Meat,Offline,H,12/3/2012,106910121,1/15/2013,5935,421.89,364.69,2503917.15,2164435.15,339482
Canada,Beverages,Offline,M,10/17/2012,736161506,11/27/2012,5404,47.45,31.79,256419.8,171793.16,84626.64
Greenland,Cosmetics,Offline,L,3/8/2016,131037127,4/19/2016,5653,437.2,263.33,2471491.6,1488604.49,982887.11
Canada,Snacks,Offline,M,7/18/2017,913799703,8/11/2017,2494,152.58,97.44,380534.52,243015.36,137519.16
Greenland,Meat,Offline,H,4/2/2010,587216937,5/14/2010,9396,421.89,364.69,3964078.44,3426627.24,537451.2
Mexico,Household,Online,H,9/20/2011,333056819,10/30/2011,7769,668.27,502.54,5191789.63,3904233.26,1287556.37
United States of America,Meat,Online,C,4/25/2017,631948459,5/2/2017,6447,421.89,364.69,2719924.83,2351156.43,368768.4
United States of America,Meat,Online,M,1/22/2017,753004491,1/29/2017,9617,421.89,364.69,4057316.13,3507223.73,550092.4
Canada,Baby Food,Offline,M,9/15/2011,280080401,9/22/2011,870,255.28,159.42,222093.6,138695.4,83398.2
Mexico,Cereal,Offline,M,7/3/2012,136492097,8/5/2012,9899,205.7,117.11,2036224.3,1159271.89,876952.41
United States of America,Meat,Online,H,8/6/2016,912505805,8/12/2016,9600,421.89,364.69,4050144,3501024,549120
Mexico,Vegetables,Offline,M,1/13/2017,914843833,2/11/2017,1475,154.06,90.93,227238.5,134121.75,93116.75
Greenland,Office Supplies,Offline,H,9/9/2010,304799640,9/19/2010,5842,651.21,524.96,3804368.82,3066816.32,737552.5
Canada,Clothes,Online,C,8/12/2014,765234506,9/30/2014,8750,109.28,35.84,956200,313600,642600
Greenland,Baby Food,Offline,C,8/30/2015,781724298,9/30/2015,8446,255.28,159.42,2156094.88,1346461.32,809633.56
Canada,Fruits,Online,H,7/11/2015,661047637,7/14/2015,7541,9.33,6.92,70357.53,52183.72,18173.81
United States of America,Office Supplies,Offline,M,5/13/2014,210395324,6/5/2014,9507,651.21,524.96,6191053.47,4990794.72,1200258.75
Canada,Fruits,Online,M,1/21/2016,629226338,1/28/2016,911,9.33,6.92,8499.63,6304.12,2195.51
Mexico,Baby Food,Online,H,11/5/2010,810516631,12/7/2010,8737,255.28,159.42,2230381.36,1392852.54,837528.82
United States of America,Snacks,Offline,H,6/7/2017,633330333,7/27/2017,5374,152.58,97.44,819964.92,523642.56,296322.36
United States of America,Clothes,Online,C,12/6/2011,231914365,1/11/2012,7469,109.28,35.84,816212.32,267688.96,548523.36
Mexico,Cosmetics,Offline,C,2/21/2016,238325488,2/29/2016,4663,437.2,263.33,2038663.6,1227907.79,810755.81
Canada,Snacks,Online,L,7/18/2015,605592858,9/3/2015,7239,152.58,97.44,1104526.62,705368.16,399158.46
Greenland,Clothes,Online,C,3/31/2017,329518878,4/12/2017,813,109.28,35.84,88844.64,29137.92,59706.72
Greenland,Snacks,Online,H,5/4/2013,273134124,5/17/2013,5312,152.58,97.44,810504.96,517601.28,292903.68
Greenland,Baby Food,Online,L,12/13/2014,669095122,1/17/2015,8970,255.28,159.42,2289861.6,1429997.4,859864.2
United States of America,Household,Offline,L,3/30/2013,725157582,5/12/2013,9098,668.27,502.54,6079920.46,4572108.92,1507811.54
Mexico,Cosmetics,Online,L,3/24/2016,354238116,4/7/2016,5785,437.2,263.33,2529202,1523364.05,1005837.95
Canada,Vegetables,Online,L,5/25/2015,874481523,6/9/2015,7370,154.06,90.93,1135422.2,670154.1,465268.1
Greenland,Fruits,Offline,L,8/25/2012,414483106,9/26/2012,3617,9.33,6.92,33746.61,25029.64,8716.97
Greenland,Office Supplies,Offline,M,7/28/2010,371782767,9/11/2010,7638,651.21,524.96,4973941.98,4009644.48,964297.5
Mexico,Beverages,Offline,H,10/18/2012,388709008,11/19/2012,6488,47.45,31.79,307855.6,206253.52,101602.08
United States of America,Personal Care,Offline,L,3/19/2015,378957355,4/4/2015,757,81.73,56.67,61869.61,42899.19,18970.42
Greenland,Meat,Offline,L,6/12/2013,246217191,7/23/2013,9993,421.89,364.69,4215946.77,3644347.17,571599.6
Mexico,Cosmetics,Offline,M,12/24/2011,390371549,1/23/2012,8471,437.2,263.33,3703521.2,2230668.43,1472852.77
United States of America,Cosmetics,Offline,C,4/15/2015,375575196,5/23/2015,9902,437.2,263.33,4329154.4,2607493.66,1721660.74
Greenland,Fruits,Online,H,9/8/2010,392174422,10/9/2010,1981,9.33,6.92,18482.73,13708.52,4774.21
Greenland,Cosmetics,Offline,L,9/20/2013,882331597,10/2/2013,382,437.2,263.33,167010.4,100592.06,66418.34
United States of America,Beverages,Online,H,10/25/2016,771297156,12/4/2016,2823,47.45,31.79,133951.35,89743.17,44208.18
Canada,Household,Offline,C,4/13/2015,679340302,5/20/2015,747,668.27,502.54,499197.69,375397.38,123800.31
Mexico,Clothes,Offline,M,1/5/2014,409298074,1/7/2014,9250,109.28,35.84,1010840,331520,679320
Greenland,Cosmetics,Offline,H,4/19/2010,964111077,5/28/2010,747,437.2,263.33,326588.4,196707.51,129880.89
United States of America,Office Supplies,Offline,H,5/5/2014,812729775,6/23/2014,3656,651.21,524.96,2380823.76,1919253.76,461570
Greenland,Beverages,Online,L,5/27/2013,681948268,6/19/2013,2502,47.45,31.79,118719.9,79538.58,39181.32
United States of America,Office Supplies,Online,C,5/23/2014,642744243,6/19/2014,1159,651.21,524.96,754752.39,608428.64,146323.75
Greenland,Cereal,Offline,C,10/16/2011,701804769,11/22/2011,8482,205.7,117.11,1744747.4,993327.02,751420.38
Mexico,Personal Care,Offline,L,7/25/2015,793252646,8/1/2015,9941,81.73,56.67,812477.93,563356.47,249121.46
Mexico,Vegetables,Offline,M,12/31/2011,291229379,1/11/2012,100,154.06,90.93,15406,9093,6313
Canada,Meat,Offline,M,12/9/2015,212026965,1/7/2016,2346,421.89,364.69,989753.94,855562.74,134191.2
United States of America,Cereal,Online,H,10/2/2013,439358127,11/4/2013,4688,205.7,117.11,964321.6,549011.68,415309.92
Canada,Household,Offline,L,7/1/2013,186237418,8/3/2013,645,668.27,502.54,431034.15,324138.3,106895.85
Mexico,Cereal,Online,L,10/26/2015,628509223,12/13/2015,8701,205.7,117.11,1789795.7,1018974.11,770821.59
Canada,Meat,Online,L,9/11/2010,439483010,10/21/2010,1644,421.89,364.69,693587.16,599550.36,94036.8
United States of America,Cosmetics,Online,C,5/30/2012,413765990,6/20/2012,1406,437.2,263.33,614703.2,370241.98,244461.22
Greenland,Cosmetics,Offline,H,7/20/2011,589035260,8/28/2011,7478,437.2,263.33,3269381.6,1969181.74,1300199.86
Mexico,Fruits,Online,L,2/16/2017,440189397,2/23/2017,679,9.33,6.92,6335.07,4698.68,1636.39
Canada,Clothes,Offline,C,9/4/2011,922481048,10/20/2011,1496,109.28,35.84,163482.88,53616.64,109866.24
Canada,Cereal,Online,M,5/7/2010,178880870,5/29/2010,3679,205.7,117.11,756770.3,430847.69,325922.61
United States of America,Personal Care,Online,M,11/19/2015,205688369,12/23/2015,6614,81.73,56.67,540562.22,374815.38,165746.84
Mexico,Fruits,Offline,H,12/21/2010,728144919,12/22/2010,3117,9.33,6.92,29081.61,21569.64,7511.97
Greenland,Clothes,Offline,C,7/21/2015,852328622,8/3/2015,1835,109.28,35.84,200528.8,65766.4,134762.4
Canada,Baby Food,Offline,L,7/8/2012,559551990,7/24/2012,2723,255.28,159.42,695127.44,434100.66,261026.78
Greenland,Baby Food,Online,M,11/12/2010,183504569,12/22/2010,1935,255.28,159.42,493966.8,308477.7,185489.1
Mexico,Fruits,Online,C,6/30/2012,505001008,7/10/2012,9875,9.33,6.92,92133.75,68335,23798.75
United States of America,Fruits,Offline,C,5/20/2013,540022504,7/6/2013,3514,9.33,6.92,32785.62,24316.88,8468.74
United States of America,Baby Food,Online,M,1/28/2010,139001357,1/29/2010,2445,255.28,159.42,624159.6,389781.9,234377.7
Mexico,Baby Food,Online,M,11/23/2014,332267177,11/23/2014,4096,255.28,159.42,1045626.88,652984.32,392642.56
United States of America,Vegetables,Offline,C,8/9/2015,575958526,9/5/2015,7782,154.06,90.93,1198894.92,707617.26,491277.66
United States of America,Vegetables,Offline,H,2/25/2015,279576146,3/25/2015,1649,154.06,90.93,254044.94,149943.57,104101.37
United States of America,Office Supplies,Offline,C,12/24/2012,798905026,1/27/2013,2606,651.21,524.96,1697053.26,1368045.76,329007.5
Mexico,Vegetables,Online,M,11/4/2011,972314345,11/23/2011,8277,154.06,90.93,1275154.62,752627.61,522527.01
United States of America,Vegetables,Offline,H,4/16/2010,763109338,4/21/2010,9866,154.06,90.93,1519955.96,897115.38,622840.58
United States of America,Meat,Online,C,3/10/2012,729724204,4/8/2012,463,421.89,364.69,195335.07,168851.47,26483.6
Mexico,Cereal,Online,H,5/22/2015,542417609,5/23/2015,2279,205.7,117.11,468790.3,266893.69,201896.61
United States of America,Baby Food,Offline,C,4/18/2010,854105317,5/13/2010,7598,255.28,159.42,1939617.44,1211273.16,728344.28
Greenland,Meat,Online,H,6/24/2010,846437203,7/11/2010,8433,421.89,364.69,3557798.37,3075430.77,482367.6
Mexico,Household,Offline,M,8/9/2013,905627334,9/14/2013,4108,668.27,502.54,2745253.16,2064434.32,680818.84
Greenland,Meat,Offline,H,1/9/2010,327996671,1/26/2010,359,421.89,364.69,151458.51,130923.71,20534.8
Canada,Household,Offline,L,1/5/2015,134221875,2/9/2015,8090,668.27,502.54,5406304.3,4065548.6,1340755.7
Canada,Office Supplies,Offline,C,12/29/2013,265325677,12/30/2013,4619,651.21,524.96,3007938.99,2424790.24,583148.75
Canada,Household,Online,M,10/21/2011,709047162,11/24/2011,1667,668.27,502.54,1114006.09,837734.18,276271.91
Greenland,Clothes,Online,H,5/28/2013,463511312,6/17/2013,2152,109.28,35.84,235170.56,77127.68,158042.88
United States of America,Cosmetics,Online,H,8/10/2016,325559937,9/5/2016,9275,437.2,263.33,4055030,2442385.75,1612644.25
Mexico,Household,Offline,H,9/19/2015,417979419,10/12/2015,8253,668.27,502.54,5515232.31,4147462.62,1367769.69
Greenland,Cereal,Offline,M,5/16/2015,838940322,5/19/2015,9939,205.7,117.11,2044452.3,1163956.29,880496.01
Greenland,Cosmetics,Online,C,12/31/2010,632623946,2/1/2011,6339,437.2,263.33,2771410.8,1669248.87,1102161.93
Mexico,Clothes,Offline,H,11/15/2015,549519670,12/31/2015,3937,109.28,35.84,430235.36,141102.08,289133.28
Mexico,Personal Care,Online,C,11/26/2015,478676307,1/7/2016,9811,81.73,56.67,801853.03,555989.37,245863.66
United States of America,Clothes,Offline,H,3/11/2010,246767795,3/19/2010,2929,109.28,35.84,320081.12,104975.36,215105.76
Mexico,Meat,Offline,M,4/8/2013,717011392,5/23/2013,8459,421.89,364.69,3568767.51,3084912.71,483854.8
Greenland,Office Supplies,Online,C,12/24/2013,214395892,2/7/2014,3364,651.21,524.96,2190670.44,1765965.44,424705
Greenland,Fruits,Offline,L,10/26/2016,793928134,11/28/2016,9833,9.33,6.92,91741.89,68044.36,23697.53
Canada,Office Supplies,Online,M,2/18/2017,772253310,3/11/2017,5771,651.21,524.96,3758132.91,3029544.16,728588.75
Canada,Household,Offline,C,1/14/2015,344512641,2/22/2015,7801,668.27,502.54,5213174.27,3920314.54,1292859.73
Mexico,Beverages,Online,M,3/10/2017,583257997,3/15/2017,7857,47.45,31.79,372814.65,249774.03,123040.62
Canada,Household,Offline,H,11/20/2016,940617930,12/20/2016,8603,668.27,502.54,5749126.81,4323351.62,1425775.19
United States of America,Personal Care,Offline,L,2/6/2016,698734176,2/13/2016,9825,81.73,56.67,802997.25,556782.75,246214.5
Canada,Clothes,Online,H,4/30/2011,705566298,6/8/2011,1602,109.28,35.84,175066.56,57415.68,117650.88
Canada,Meat,Offline,M,9/18/2011,767884099,10/8/2011,2824,421.89,364.69,1191417.36,1029884.56,161532.8
Canada,Fruits,Online,L,8/30/2011,212619197,10/2/2011,7600,9.33,6.92,70908,52592,18316
Greenland,Meat,Offline,M,7/8/2014,317257964,8/5/2014,2537,421.89,364.69,1070334.93,925218.53,145116.4
United States of America,Clothes,Offline,H,12/1/2011,465739905,1/3/2012,1643,109.28,35.84,179547.04,58885.12,120661.92
Canada,Cereal,Offline,H,11/11/2011,126865327,12/5/2011,1124,205.7,117.11,231206.8,131631.64,99575.16
United States of America,Meat,Online,C,5/27/2017,747861087,6/9/2017,7570,421.89,364.69,3193707.3,2760703.3,433004
Canada,Personal Care,Online,H,6/21/2013,653888499,7/19/2013,8993,81.73,56.67,734997.89,509633.31,225364.58
Greenland,Vegetables,Online,C,4/23/2017,782020413,5/26/2017,6073,154.06,90.93,935606.38,552217.89,383388.49
Mexico,Meat,Offline,M,9/21/2016,389638984,10/14/2016,1689,421.89,364.69,712572.21,615961.41,96610.8
Canada,Vegetables,Online,H,3/26/2012,379321277,5/9/2012,8450,154.06,90.93,1301807,768358.5,533448.5
United States of America,Fruits,Offline,L,4/12/2010,318993031,4/16/2010,5982,9.33,6.92,55812.06,41395.44,14416.62
Mexico,Cereal,Offline,C,8/26/2011,558497130,9/13/2011,567,205.7,117.11,116631.9,66401.37,50230.53
Canada,Cereal,Offline,H,7/10/2016,188590896,7/11/2016,7092,205.7,117.11,1458824.4,830544.12,628280.28
United States of America,Household,Offline,C,2/14/2016,909024941,2/24/2016,9536,668.27,502.54,6372622.72,4792221.44,1580401.28
Canada,Office Supplies,Offline,C,12/18/2016,171919143,1/18/2017,3550,651.21,524.96,2311795.5,1863608,448187.5
Canada,Personal Care,Online,M,6/9/2013,899481427,7/2/2013,5398,81.73,56.67,441178.54,305904.66,135273.88
Mexico,Clothes,Online,L,4/13/2014,954416501,4/17/2014,1907,109.28,35.84,208396.96,68346.88,140050.08
United States of America,Baby Food,Online,M,8/11/2016,722367656,8/30/2016,3497,255.28,159.42,892714.16,557491.74,335222.42
United States of America,Vegetables,Offline,L,3/9/2013,935209310,4/4/2013,8072,154.06,90.93,1243572.32,733986.96,509585.36
Mexico,Baby Food,Offline,M,11/13/2015,545898473,12/30/2015,2344,255.28,159.42,598376.32,373680.48,224695.84
Canada,Baby Food,Offline,C,6/21/2017,191931426,8/5/2017,5629,255.28,159.42,1436971.12,897375.18,539595.94
Mexico,Vegetables,Online,M,10/24/2013,538739335,11/14/2013,3796,154.06,90.93,584811.76,345170.28,239641.48
United States of America,Clothes,Offline,C,10/16/2012,341400420,11/8/2012,6826,109.28,35.84,745945.28,244643.84,501301.44
Mexico,Office Supplies,Offline,L,3/8/2017,317512452,4/22/2017,7845,651.21,524.96,5108742.45,4118311.2,990431.25
Canada,Vegetables,Online,M,1/8/2015,225217854,1/12/2015,5823,154.06,90.93,897091.38,529485.39,367605.99
United States of America,Snacks,Online,C,2/13/2010,734332454,2/13/2010,4146,152.58,97.44,632596.68,403986.24,228610.44
United States of America,Beverages,Online,M,12/11/2012,778752410,12/29/2012,8999,47.45,31.79,427002.55,286078.21,140924.34
Canada,Beverages,Online,L,3/23/2014,790291488,4/30/2014,3668,47.45,31.79,174046.6,116605.72,57440.88
Canada,Cosmetics,Offline,M,2/9/2017,121467435,2/23/2017,3768,437.2,263.33,1647369.6,992227.44,655142.16
Canada,Beverages,Offline,L,11/10/2014,640557277,11/10/2014,3988,47.45,31.79,189230.6,126778.52,62452.08
United States of America,Office Supplies,Offline,M,3/15/2014,954177463,4/19/2014,1170,651.21,524.96,761915.7,614203.2,147712.5
Canada,Vegetables,Offline,M,8/13/2010,264494407,9/10/2010,8627,154.06,90.93,1329075.62,784453.11,544622.51
Canada,Fruits,Offline,L,3/26/2010,158489215,5/1/2010,9336,9.33,6.92,87104.88,64605.12,22499.76
Greenland,Fruits,Online,H,4/8/2011,190367591,4/21/2011,2855,9.33,6.92,26637.15,19756.6,6880.55
Canada,Baby Food,Online,L,5/18/2017,753960645,6/25/2017,2564,255.28,159.42,654537.92,408752.88,245785.04
Greenland,Beverages,Online,C,7/5/2013,170848834,8/11/2013,6821,47.45,31.79,323656.45,216839.59,106816.86
United States of America,Cosmetics,Offline,M,5/14/2016,300165212,7/2/2016,4411,437.2,263.33,1928489.2,1161548.63,766940.57
United States of America,Clothes,Online,C,5/24/2014,380619895,6/7/2014,2740,109.28,35.84,299427.2,98201.6,201225.6
Greenland,Office Supplies,Online,H,3/7/2016,349474084,4/20/2016,6002,651.21,524.96,3908562.42,3150809.92,757752.5
Mexico,Cereal,Online,C,2/11/2014,707202661,3/31/2014,5838,205.7,117.11,1200876.6,683688.18,517188.42
Mexico,Vegetables,Online,C,6/6/2012,314623820,6/9/2012,3035,154.06,90.93,467572.1,275972.55,191599.55
Mexico,Cosmetics,Offline,H,4/20/2010,901413905,5/24/2010,7261,437.2,263.33,3174509.2,1912039.13,1262470.07
United States of America,Personal Care,Online,H,2/29/2016,294923102,4/7/2016,3155,81.73,56.67,257858.15,178793.85,79064.3
Mexico,Snacks,Offline,M,10/25/2011,496278035,10/29/2011,8554,152.58,97.44,1305169.32,833501.76,471667.56
United States of America,Snacks,Online,L,10/28/2011,655639016,10/28/2011,7009,152.58,97.44,1069433.22,682956.96,386476.26
Greenland,Snacks,Online,C,10/2/2012,252882802,11/1/2012,2496,152.58,97.44,380839.68,243210.24,137629.44
Greenland,Personal Care,Online,H,10/31/2010,298035323,11/3/2010,4130,81.73,56.67,337544.9,234047.1,103497.8
Mexico,Clothes,Online,C,4/29/2010,168017280,5/26/2010,8902,109.28,35.84,972810.56,319047.68,653762.88
Mexico,Clothes,Offline,M,4/19/2010,635668361,5/12/2010,7249,109.28,35.84,792170.72,259804.16,532366.56
Greenland,Beverages,Offline,C,4/24/2011,345203578,5/3/2011,2265,47.45,31.79,107474.25,72004.35,35469.9
Mexico,Vegetables,Offline,C,12/26/2015,832035672,2/9/2016,6700,154.06,90.93,1032202,609231,422971
United States of America,Baby Food,Online,M,1/27/2014,223923957,3/4/2014,2930,255.28,159.42,747970.4,467100.6,280869.8
United States of America,Clothes,Online,L,9/27/2013,257366168,11/11/2013,9223,109.28,35.84,1007889.44,330552.32,677337.12
Greenland,Household,Offline,C,3/1/2010,999174201,3/10/2010,6705,668.27,502.54,4480750.35,3369530.7,1111219.65
United States of America,Beverages,Online,M,2/26/2013,149740064,4/7/2013,267,47.45,31.79,12669.15,8487.93,4181.22
United States of America,Baby Food,Offline,H,10/19/2016,695689761,11/4/2016,8915,255.28,159.42,2275821.2,1421229.3,854591.9
Mexico,Cereal,Online,M,11/6/2015,470291078,11/29/2015,8436,205.7,117.11,1735285.2,987939.96,747345.24
Canada,Personal Care,Online,C,3/1/2012,692136371,4/13/2012,7388,81.73,56.67,603821.24,418677.96,185143.28
Greenland,Baby Food,Offline,H,9/10/2013,537357461,10/9/2013,4869,255.28,159.42,1242958.32,776215.98,466742.34
United States of America,Cereal,Online,M,2/4/2010,939859187,3/10/2010,4074,205.7,117.11,838021.8,477106.14,360915.66
Canada,Clothes,Online,L,2/2/2016,427320802,2/25/2016,2576,109.28,35.84,281505.28,92323.84,189181.44
Canada,Snacks,Online,L,11/23/2016,397359454,12/3/2016,6348,152.58,97.44,968577.84,618549.12,350028.72
United States of America,Vegetables,Online,H,8/31/2015,850089299,9/7/2015,9169,154.06,90.93,1412576.14,833737.17,578838.97
Greenland,Clothes,Offline,C,11/21/2011,230771529,12/4/2011,9279,109.28,35.84,1014009.12,332559.36,681449.76
Canada,Vegetables,Offline,L,11/24/2013,914729678,12/10/2013,7694,154.06,90.93,1185337.64,699615.42,485722.22
United States of America,Baby Food,Online,M,8/22/2010,761587131,9/1/2010,9411,255.28,159.42,2402440.08,1500301.62,902138.46
Mexico,Cereal,Offline,C,1/25/2016,285395038,3/12/2016,3589,205.7,117.11,738257.3,420307.79,317949.51
United States of America,Office Supplies,Online,M,1/5/2010,586499822,2/5/2010,7185,651.21,524.96,4678943.85,3771837.6,907106.25
United States of America,Cereal,Online,L,7/21/2017,106842315,8/8/2017,5870,205.7,117.11,1207459,687435.7,520023.3
Greenland,Baby Food,Offline,M,10/10/2010,967591941,11/13/2010,812,255.28,159.42,207287.36,129449.04,77838.32
Canada,Baby Food,Offline,H,4/12/2012,756215417,5/22/2012,9801,255.28,159.42,2501999.28,1562475.42,939523.86
Greenland,Personal Care,Online,H,11/12/2014,446797931,11/26/2014,6291,81.73,56.67,514163.43,356510.97,157652.46
United States of America,Snacks,Offline,C,4/16/2014,213777482,4/17/2014,362,152.58,97.44,55233.96,35273.28,19960.68
Canada,Vegetables,Online,M,10/5/2016,432422578,11/5/2016,2305,154.06,90.93,355108.3,209593.65,145514.65
Mexico,Fruits,Online,M,8/6/2013,417823636,8/30/2013,2154,9.33,6.92,20096.82,14905.68,5191.14
Mexico,Cereal,Offline,L,2/26/2016,991874730,3/28/2016,6629,205.7,117.11,1363585.3,776322.19,587263.11
United States of America,Cereal,Offline,M,5/4/2014,459609448,5/20/2014,7504,205.7,117.11,1543572.8,878793.44,664779.36
United States of America,Personal Care,Offline,L,3/8/2011,230194747,3/13/2011,8596,81.73,56.67,702551.08,487135.32,215415.76
Greenland,Office Supplies,Offline,M,8/7/2013,243074071,9/9/2013,9874,651.21,524.96,6430047.54,5183455.04,1246592.5
United States of America,Cereal,Online,C,3/26/2016,663671052,5/1/2016,3867,205.7,117.11,795441.9,452864.37,342577.53
Canada,Snacks,Offline,H,6/21/2011,786176764,6/23/2011,6030,152.58,97.44,920057.4,587563.2,332494.2
Canada,Office Supplies,Online,M,3/2/2012,473699414,4/12/2012,7038,651.21,524.96,4583215.98,3694668.48,888547.5
Canada,Beverages,Online,C,6/12/2016,913602292,7/22/2016,4075,47.45,31.79,193358.75,129544.25,63814.5
Greenland,Household,Offline,M,1/16/2010,228854501,3/6/2010,1987,668.27,502.54,1327852.49,998546.98,329305.51
Mexico,Fruits,Offline,M,5/5/2010,199937283,6/15/2010,4740,9.33,6.92,44224.2,32800.8,11423.4
Mexico,Office Supplies,Online,M,5/21/2012,619292724,5/25/2012,1334,651.21,524.96,868714.14,700296.64,168417.5
Canada,Personal Care,Online,C,8/28/2012,374416911,9/17/2012,7139,81.73,56.67,583470.47,404567.13,178903.34
Mexico,Snacks,Offline,M,3/12/2015,806542241,5/1/2015,2627,152.58,97.44,400827.66,255974.88,144852.78
United States of America,Vegetables,Offline,L,10/31/2012,496236407,11/18/2012,6235,154.06,90.93,960564.1,566948.55,393615.55
United States of America,Baby Food,Offline,M,3/11/2013,126205289,4/26/2013,5804,255.28,159.42,1481645.12,925273.68,556371.44
Greenland,Snacks,Online,H,11/4/2011,313382279,11/17/2011,5635,152.58,97.44,859788.3,549074.4,310713.9
United States of America,Baby Food,Offline,M,5/1/2017,663868463,5/21/2017,2286,255.28,159.42,583570.08,364434.12,219135.96
Mexico,Personal Care,Online,C,6/1/2016,458622395,7/15/2016,5413,81.73,56.67,442404.49,306754.71,135649.78
United States of America,Beverages,Online,C,11/21/2014,812828481,12/7/2014,2865,47.45,31.79,135944.25,91078.35,44865.9
United States of America,Fruits,Offline,C,6/12/2011,137437522,7/3/2011,9672,9.33,6.92,90239.76,66930.24,23309.52
Mexico,Beverages,Online,L,6/20/2011,279363286,8/7/2011,8659,47.45,31.79,410869.55,275269.61,135599.94
Canada,Snacks,Offline,H,8/16/2016,530182874,8/23/2016,1749,152.58,97.44,266862.42,170422.56,96439.86
Greenland,Fruits,Online,M,8/28/2010,637767350,9/23/2010,8386,9.33,6.92,78241.38,58031.12,20210.26
Greenland,Cereal,Offline,H,2/1/2010,780498206,3/10/2010,5618,205.7,117.11,1155622.6,657923.98,497698.62
Canada,Cereal,Online,L,8/27/2015,534988534,9/9/2015,3851,205.7,117.11,792150.7,450990.61,341160.09
Mexico,Clothes,Offline,H,7/2/2014,769520461,7/31/2014,7060,109.28,35.84,771516.8,253030.4,518486.4
Greenland,Meat,Online,M,12/7/2013,606439578,12/23/2013,7802,421.89,364.69,3291585.78,2845311.38,446274.4
Greenland,Fruits,Offline,L,6/14/2010,588837850,6/18/2010,9060,9.33,6.92,84529.8,62695.2,21834.6
Canada,Meat,Online,C,7/3/2014,835838830,8/3/2014,2139,421.89,364.69,902422.71,780071.91,122350.8
Greenland,Personal Care,Online,M,4/10/2010,797507703,5/26/2010,9107,81.73,56.67,744315.11,516093.69,228221.42
Greenland,Clothes,Online,M,10/28/2015,719505202,11/13/2015,6433,109.28,35.84,702998.24,230558.72,472439.52
Canada,Snacks,Offline,M,3/25/2012,113575732,4/26/2012,8438,152.58,97.44,1287470.04,822198.72,465271.32
United States of America,Vegetables,Offline,L,10/8/2014,986196172,10/23/2014,6218,154.06,90.93,957945.08,565402.74,392542.34
United States of America,Fruits,Offline,L,11/18/2015,752568042,11/20/2015,462,9.33,6.92,4310.46,3197.04,1113.42
United States of America,Household,Online,L,8/26/2014,568996798,10/2/2014,7652,668.27,502.54,5113602.04,3845436.08,1268165.96
Canada,Beverages,Offline,H,3/24/2011,451349103,3/28/2011,3084,47.45,31.79,146335.8,98040.36,48295.44
Mexico,Household,Offline,L,9/30/2016,512554967,10/5/2016,5260,668.27,502.54,3515100.2,2643360.4,871739.8
United States of America,Vegetables,Online,M,6/23/2016,229560887,7/9/2016,1023,154.06,90.93,157603.38,93021.39,64581.99
Mexico,Office Supplies,Online,C,2/27/2015,699014842,3/12/2015,2880,651.21,524.96,1875484.8,1511884.8,363600
Mexico,Household,Online,M,2/8/2016,218172872,3/21/2016,1056,668.27,502.54,705693.12,530682.24,175010.88
Mexico,Fruits,Offline,C,1/16/2016,293541228,3/2/2016,4227,9.33,6.92,39437.91,29250.84,10187.07
Mexico,Office Supplies,Online,M,10/8/2015,929556930,11/27/2015,5407,651.21,524.96,3521092.47,2838458.72,682633.75
Greenland,Beverages,Offline,C,7/21/2014,424785363,8/5/2014,2283,47.45,31.79,108328.35,72576.57,35751.78
Mexico,Cosmetics,Offline,L,4/4/2015,818548667,4/21/2015,5595,437.2,263.33,2446134,1473331.35,972802.65
Greenland,Personal Care,Offline,C,10/24/2016,702932155,11/6/2016,2100,81.73,56.67,171633,119007,52626
Mexico,Snacks,Online,M,10/21/2014,391104114,11/27/2014,5253,152.58,97.44,801502.74,511852.32,289650.42
United States of America,Fruits,Offline,C,7/16/2013,758937537,8/24/2013,5337,9.33,6.92,49794.21,36932.04,12862.17
Mexico,Clothes,Online,M,11/17/2015,771577823,1/2/2016,5879,109.28,35.84,642457.12,210703.36,431753.76
Canada,Baby Food,Offline,C,12/22/2010,794463288,12/26/2010,8197,255.28,159.42,2092530.16,1306765.74,785764.42
Greenland,Clothes,Online,M,11/5/2011,622815215,12/10/2011,3717,109.28,35.84,406193.76,133217.28,272976.48
United States of America,Fruits,Offline,L,11/27/2013,964084899,1/15/2014,3001,9.33,6.92,27999.33,20766.92,7232.41
Mexico,Office Supplies,Offline,M,11/20/2014,831838262,11/29/2014,8282,651.21,524.96,5393321.22,4347718.72,1045602.5
United States of America,Meat,Offline,L,11/7/2016,791449773,11/13/2016,6430,421.89,364.69,2712752.7,2344956.7,367796
Greenland,Personal Care,Offline,H,2/4/2015,706018197,3/16/2015,5329,81.73,56.67,435539.17,301994.43,133544.74
United States of America,Cosmetics,Offline,H,12/30/2012,434017312,1/3/2013,4222,437.2,263.33,1845858.4,1111779.26,734079.14
Canada,Cereal,Offline,L,9/30/2011,478603780,10/14/2011,8349,205.7,117.11,1717389.3,977751.39,739637.91
Mexico,Meat,Online,C,4/9/2011,630862700,4/25/2011,5147,421.89,364.69,2171467.83,1877059.43,294408.4
United States of America,Vegetables,Online,M,10/14/2010,667448031,11/16/2010,1560,154.06,90.93,240333.6,141850.8,98482.8
Canada,Cereal,Offline,C,6/27/2011,377601659,7/10/2011,9577,205.7,117.11,1969988.9,1121562.47,848426.43
Canada,Meat,Online,H,5/8/2010,532001197,5/12/2010,9831,421.89,364.69,4147600.59,3585267.39,562333.2
Mexico,Snacks,Offline,H,10/30/2016,909601724,11/17/2016,218,152.58,97.44,33262.44,21241.92,12020.52
Greenland,Office Supplies,Offline,C,1/27/2011,498179614,2/19/2011,1273,651.21,524.96,828990.33,668274.08,160716.25
Greenland,Personal Care,Online,C,2/26/2014,334168756,3/17/2014,6816,81.73,56.67,557071.68,386262.72,170808.96
Canada,Personal Care,Offline,C,5/27/2015,921790111,6/20/2015,7033,81.73,56.67,574807.09,398560.11,176246.98
United States of America,Meat,Online,L,4/22/2011,409947383,5/30/2011,1395,421.89,364.69,588536.55,508742.55,79794
Mexico,Cereal,Offline,H,10/16/2015,196160304,11/28/2015,7048,205.7,117.11,1449773.6,825391.28,624382.32
United States of America,Household,Offline,M,12/9/2011,763405454,12/16/2011,7493,668.27,502.54,5007347.11,3765532.22,1241814.89
Mexico,Cosmetics,Offline,H,12/24/2013,698578393,1/1/2014,3725,437.2,263.33,1628570,980904.25,647665.75
Greenland,Vegetables,Offline,C,1/14/2011,521714389,1/31/2011,5736,154.06,90.93,883688.16,521574.48,362113.68
Canada,Baby Food,Online,H,1/2/2010,580831992,1/10/2010,9949,255.28,159.42,2539780.72,1586069.58,953711.14
United States of America,Baby Food,Offline,H,6/6/2015,915690553,7/26/2015,2038,255.28,159.42,520260.64,324897.96,195362.68
Greenland,Meat,Online,H,1/2/2015,677480351,1/6/2015,346,421.89,364.69,145973.94,126182.74,19791.2
United States of America,Snacks,Online,C,11/15/2014,824595868,11/28/2014,5097,152.58,97.44,777700.26,496651.68,281048.58
United States of America,Snacks,Offline,H,9/9/2015,426125609,10/1/2015,8892,152.58,97.44,1356741.36,866436.48,490304.88
United States of America,Snacks,Online,L,1/2/2014,493051660,1/27/2014,3798,152.58,97.44,579498.84,370077.12,209421.72
United States of America,Fruits,Offline,L,2/2/2011,376406466,2/14/2011,5893,9.33,6.92,54981.69,40779.56,14202.13
Greenland,Cosmetics,Online,L,6/6/2015,125696313,6/19/2015,5187,437.2,263.33,2267756.4,1365892.71,901863.69
Greenland,Personal Care,Online,L,3/28/2013,787854754,5/15/2013,2585,81.73,56.67,211272.05,146491.95,64780.1
Mexico,Vegetables,Offline,C,2/5/2016,258239066,2/9/2016,7533,154.06,90.93,1160533.98,684975.69,475558.29
United States of America,Office Supplies,Online,H,3/20/2014,720351922,4/26/2014,6996,651.21,524.96,4555865.16,3672620.16,883245
Greenland,Personal Care,Online,C,8/10/2013,599815595,8/23/2013,7619,81.73,56.67,622700.87,431768.73,190932.14
Canada,Vegetables,Online,H,9/29/2011,697040736,10/15/2011,8698,154.06,90.93,1340013.88,790909.14,549104.74
Mexico,Cereal,Offline,L,6/16/2017,953626859,7/2/2017,8234,205.7,117.11,1693733.8,964283.74,729450.06
United States of America,Vegetables,Offline,C,6/29/2014,896961438,7/10/2014,9677,154.06,90.93,1490838.62,879929.61,610909.01
Mexico,Cereal,Offline,L,2/15/2013,220583426,3/30/2013,4393,205.7,117.11,903640.1,514464.23,389175.87
Canada,Household,Offline,C,2/14/2015,523122441,4/4/2015,2410,668.27,502.54,1610530.7,1211121.4,399409.3
Greenland,Baby Food,Online,M,8/13/2015,273767983,8/15/2015,2885,255.28,159.42,736482.8,459926.7,276556.1
Canada,Vegetables,Offline,L,12/14/2013,966802299,1/29/2014,7139,154.06,90.93,1099834.34,649149.27,450685.07
Greenland,Cereal,Offline,C,3/24/2012,332012689,4/28/2012,8787,205.7,117.11,1807485.9,1029045.57,778440.33
Mexico,Clothes,Offline,L,12/14/2014,781147515,1/6/2015,7763,109.28,35.84,848340.64,278225.92,570114.72
Canada,Snacks,Offline,L,2/9/2011,890462338,2/24/2011,6449,152.58,97.44,983988.42,628390.56,355597.86
United States of America,Meat,Offline,H,10/2/2016,231420838,11/20/2016,1424,421.89,364.69,600771.36,519318.56,81452.8
Canada,Snacks,Online,M,1/30/2015,765094172,3/17/2015,7223,152.58,97.44,1102085.34,703809.12,398276.22
Canada,Snacks,Online,H,10/20/2016,674633347,12/8/2016,7854,152.58,97.44,1198363.32,765293.76,433069.56
Greenland,Beverages,Offline,L,11/25/2016,247287499,12/30/2016,6721,47.45,31.79,318911.45,213660.59,105250.86
Canada,Cosmetics,Online,C,4/9/2010,444387376,4/22/2010,2955,437.2,263.33,1291926,778140.15,513785.85
United States of America,Household,Offline,C,2/24/2010,948244416,2/26/2010,5450,668.27,502.54,3642071.5,2738843,903228.5
Greenland,Cereal,Online,H,9/20/2015,968480288,10/30/2015,3694,205.7,117.11,759855.8,432604.34,327251.46
Canada,Snacks,Offline,M,3/24/2017,538666808,5/7/2017,2334,152.58,97.44,356121.72,227424.96,128696.76
Mexico,Cereal,Offline,H,1/14/2010,665728414,1/17/2010,2686,205.7,117.11,552510.2,314557.46,237952.74
United States of America,Clothes,Offline,C,5/1/2016,192637813,5/13/2016,4664,109.28,35.84,509681.92,167157.76,342524.16
United States of America,Cosmetics,Online,C,4/14/2010,628425967,5/10/2010,4064,437.2,263.33,1776780.8,1070173.12,706607.68
Mexico,Household,Online,C,4/12/2017,480733668,4/21/2017,8630,668.27,502.54,5767170.1,4336920.2,1430249.9
Greenland,Snacks,Online,L,7/21/2011,457973086,7/28/2011,3268,152.58,97.44,498631.44,318433.92,180197.52
United States of America,Beverages,Offline,C,8/10/2014,501535594,8/21/2014,4382,47.45,31.79,207925.9,139303.78,68622.12
Mexico,Clothes,Offline,L,11/19/2015,993635976,1/5/2016,7821,109.28,35.84,854678.88,280304.64,574374.24
Greenland,Clothes,Offline,M,1/27/2012,882035481,2/6/2012,2755,109.28,35.84,301066.4,98739.2,202327.2
United States of America,Snacks,Online,H,4/3/2017,488879859,4/11/2017,9269,152.58,97.44,1414264.02,903171.36,511092.66
Mexico,Clothes,Offline,M,6/14/2014,939505994,8/3/2014,9556,109.28,35.84,1044279.68,342487.04,701792.64
Canada,Beverages,Online,H,4/5/2017,293073880,5/24/2017,5929,47.45,31.79,281331.05,188482.91,92848.14
Mexico,Snacks,Offline,L,4/12/2013,614248025,5/10/2013,8495,152.58,97.44,1296167.1,827752.8,468414.3
Greenland,Fruits,Online,H,9/18/2013,350840508,10/28/2013,358,9.33,6.92,3340.14,2477.36,862.78
Canada,Office Supplies,Offline,L,12/5/2011,360929906,1/17/2012,6035,651.21,524.96,3930052.35,3168133.6,761918.75
Greenland,Fruits,Offline,C,8/1/2011,343442332,9/14/2011,1073,9.33,6.92,10011.09,7425.16,2585.93
Mexico,Office Supplies,Offline,L,7/15/2017,756485354,7/17/2017,9682,651.21,524.96,6305015.22,5082662.72,1222352.5
Canada,Cereal,Offline,L,8/19/2014,206587445,9/21/2014,2671,205.7,117.11,549424.7,312800.81,236623.89
United States of America,Vegetables,Online,L,11/27/2013,876710116,12/25/2013,6861,154.06,90.93,1057005.66,623870.73,433134.93
Mexico,Cereal,Online,H,5/6/2017,342668139,5/7/2017,1972,205.7,117.11,405640.4,230940.92,174699.48
Canada,Cosmetics,Online,C,6/6/2015,410451638,6/24/2015,616,437.2,263.33,269315.2,162211.28,107103.92
United States of America,Beverages,Online,C,4/5/2010,877640092,4/24/2010,2061,47.45,31.79,97794.45,65519.19,32275.26
United States of America,Beverages,Offline,C,2/6/2015,183816134,3/16/2015,4134,47.45,31.79,196158.3,131419.86,64738.44
United States of America,Fruits,Online,H,8/24/2016,302025163,9/25/2016,4812,9.33,6.92,44895.96,33299.04,11596.92
Canada,Cereal,Online,L,9/18/2012,692235076,9/28/2012,6597,205.7,117.11,1357002.9,772574.67,584428.23
Greenland,Fruits,Offline,H,3/13/2011,150062358,4/13/2011,5641,9.33,6.92,52630.53,39035.72,13594.81
Mexico,Fruits,Online,L,4/8/2017,583497035,5/4/2017,8594,9.33,6.92,80182.02,59470.48,20711.54
Mexico,Cereal,Online,C,2/7/2015,909066569,3/26/2015,1854,205.7,117.11,381367.8,217121.94,164245.86
Mexico,Fruits,Online,H,12/9/2010,664304912,1/3/2011,1441,9.33,6.92,13444.53,9971.72,3472.81
Mexico,Beverages,Offline,L,6/15/2012,481227195,8/1/2012,4676,47.45,31.79,221876.2,148650.04,73226.16
Canada,Office Supplies,Online,M,10/31/2015,195256507,12/11/2015,9594,651.21,524.96,6247708.74,5036466.24,1211242.5
Canada,Baby Food,Online,L,3/30/2014,778524100,5/10/2014,1437,255.28,159.42,366837.36,229086.54,137750.82
Greenland,Household,Offline,H,4/14/2013,308436286,4/18/2013,2006,668.27,502.54,1340549.62,1008095.24,332454.38
Mexico,Beverages,Offline,M,4/24/2013,368655097,5/27/2013,2090,47.45,31.79,99170.5,66441.1,32729.4
Greenland,Meat,Online,C,8/23/2013,663655602,10/2/2013,9296,421.89,364.69,3921889.44,3390158.24,531731.2
Greenland,Fruits,Offline,L,2/27/2012,732202565,3/3/2012,3865,9.33,6.92,36060.45,26745.8,9314.65
Mexico,Personal Care,Offline,H,5/16/2017,818704450,6/1/2017,1695,81.73,56.67,138532.35,96055.65,42476.7
Mexico,Baby Food,Offline,C,8/19/2016,317413747,9/15/2016,8636,255.28,159.42,2204598.08,1376751.12,827846.96
Canada,Fruits,Offline,M,9/13/2010,443104207,10/21/2010,3236,9.33,6.92,30191.88,22393.12,7798.76
United States of America,Office Supplies,Online,L,2/8/2015,362186896,3/8/2015,8006,651.21,524.96,5213587.26,4202829.76,1010757.5
Mexico,Beverages,Online,M,10/14/2013,875328242,11/19/2013,7933,47.45,31.79,376420.85,252190.07,124230.78
Canada,Meat,Online,L,2/9/2012,505380380,3/14/2012,2140,421.89,364.69,902844.6,780436.6,122408
Mexico,Cereal,Offline,L,11/2/2010,279025542,11/11/2010,8713,205.7,117.11,1792264.1,1020379.43,771884.67
Mexico,Cereal,Offline,L,12/1/2013,202389466,12/28/2013,395,205.7,117.11,81251.5,46258.45,34993.05
Greenland,Vegetables,Offline,H,8/1/2016,903216779,9/5/2016,771,154.06,90.93,118780.26,70107.03,48673.23
Greenland,Personal Care,Online,C,3/6/2016,852666366,3/6/2016,1781,81.73,56.67,145561.13,100929.27,44631.86
Greenland,Snacks,Online,C,3/23/2012,506762254,4/18/2012,1067,152.58,97.44,162802.86,103968.48,58834.38
Greenland,Fruits,Online,L,4/7/2013,276516282,5/18/2013,6168,9.33,6.92,57547.44,42682.56,14864.88
Mexico,Fruits,Offline,M,1/30/2011,217045485,2/15/2011,7437,9.33,6.92,69387.21,51464.04,17923.17
Mexico,Household,Online,M,3/27/2017,872777354,4/28/2017,3069,668.27,502.54,2050920.63,1542295.26,508625.37
Canada,Clothes,Online,L,1/29/2014,797055804,3/15/2014,5380,109.28,35.84,587926.4,192819.2,395107.2
Mexico,Household,Offline,M,9/15/2016,226656806,10/13/2016,1641,668.27,502.54,1096631.07,824668.14,271962.93
Canada,Clothes,Offline,H,7/7/2014,820450246,8/12/2014,8315,109.28,35.84,908663.2,298009.6,610653.6
Canada,Clothes,Offline,C,1/10/2017,799170243,2/23/2017,1089,109.28,35.84,119005.92,39029.76,79976.16
Mexico,Cereal,Online,M,9/5/2011,990846049,9/27/2011,2220,205.7,117.11,456654,259984.2,196669.8
Canada,Baby Food,Online,C,10/10/2013,406534326,10/27/2013,1396,255.28,159.42,356370.88,222550.32,133820.56
Canada,Household,Offline,C,12/19/2014,304207408,12/25/2014,587,668.27,502.54,392274.49,294990.98,97283.51
Canada,Office Supplies,Online,C,8/5/2015,391919934,8/19/2015,6673,651.21,524.96,4345524.33,3503058.08,842466.25
Mexico,Household,Offline,L,4/7/2015,406352365,5/6/2015,7550,668.27,502.54,5045438.5,3794177,1251261.5
Greenland,Personal Care,Offline,L,3/19/2011,269357144,4/3/2011,7620,81.73,56.67,622782.6,431825.4,190957.2
Canada,Fruits,Online,H,1/19/2015,966999709,2/18/2015,5558,9.33,6.92,51856.14,38461.36,13394.78
United States of America,Meat,Offline,M,2/23/2017,868917119,3/8/2017,740,421.89,364.69,312198.6,269870.6,42328
Mexico,Meat,Offline,H,10/16/2013,153699004,11/11/2013,1806,421.89,364.69,761933.34,658630.14,103303.2
Greenland,Cereal,Offline,M,12/17/2013,995101106,12/27/2013,1385,205.7,117.11,284894.5,162197.35,122697.15
United States of America,Meat,Online,C,7/16/2011,891225802,7/30/2011,2375,421.89,364.69,1001988.75,866138.75,135850
Canada,Personal Care,Online,L,9/27/2011,890800082,9/29/2011,6395,81.73,56.67,522663.35,362404.65,160258.7
Canada,Cereal,Offline,C,8/4/2016,906837975,9/7/2016,2364,205.7,117.11,486274.8,276848.04,209426.76
Mexico,Baby Food,Offline,H,9/30/2013,589430081,10/8/2013,4314,255.28,159.42,1101277.92,687737.88,413540.04
United States of America,Household,Offline,H,1/14/2016,115170466,1/19/2016,355,668.27,502.54,237235.85,178401.7,58834.15
Canada,Household,Offline,M,2/6/2017,533663737,2/8/2017,1814,668.27,502.54,1212241.78,911607.56,300634.22
Mexico,Cereal,Offline,L,10/13/2010,226952922,11/12/2010,9268,205.7,117.11,1906427.6,1085375.48,821052.12
United States of America,Office Supplies,Offline,M,12/15/2013,619349801,1/20/2014,8224,651.21,524.96,5355551.04,4317271.04,1038280
Greenland,Vegetables,Online,C,6/8/2015,260379683,7/21/2015,989,154.06,90.93,152365.34,89929.77,62435.57
United States of America,Beverages,Online,C,12/13/2015,439752948,12/15/2015,1524,47.45,31.79,72313.8,48447.96,23865.84
Greenland,Personal Care,Offline,L,12/15/2012,476561868,1/27/2013,4102,81.73,56.67,335256.46,232460.34,102796.12
Mexico,Baby Food,Online,M,1/12/2014,222781121,1/25/2014,4739,255.28,159.42,1209771.92,755491.38,454280.54
Greenland,Cosmetics,Offline,L,3/29/2011,658018672,4/7/2011,1203,437.2,263.33,525951.6,316785.99,209165.61
Greenland,Fruits,Online,C,1/7/2016,958572852,2/1/2016,1863,9.33,6.92,17381.79,12891.96,4489.83
Greenland,Fruits,Online,C,5/28/2017,814179456,6/13/2017,2649,9.33,6.92,24715.17,18331.08,6384.09
United States of America,Cosmetics,Offline,M,10/6/2014,851512801,11/11/2014,415,437.2,263.33,181438,109281.95,72156.05
United States of America,Vegetables,Offline,L,3/14/2011,393176925,3/14/2011,8644,154.06,90.93,1331694.64,785998.92,545695.72
Mexico,Clothes,Online,H,8/1/2016,662148845,9/11/2016,3412,109.28,35.84,372863.36,122286.08,250577.28
Canada,Household,Offline,H,8/7/2014,999060046,9/23/2014,2924,668.27,502.54,1954021.48,1469426.96,484594.52
Canada,Cosmetics,Offline,C,1/28/2014,618685042,2/1/2014,1507,437.2,263.33,658860.4,396838.31,262022.09
United States of America,Cosmetics,Offline,M,9/20/2016,651763331,10/26/2016,108,437.2,263.33,47217.6,28439.64,18777.96
Greenland,Cereal,Online,H,5/27/2016,933515870,7/2/2016,6946,205.7,117.11,1428792.2,813446.06,615346.14
Mexico,Fruits,Offline,M,3/15/2016,734514415,4/23/2016,7993,9.33,6.92,74574.69,55311.56,19263.13
United States of America,Baby Food,Online,L,2/28/2012,931629741,3/12/2012,8798,255.28,159.42,2245953.44,1402577.16,843376.28
Greenland,Vegetables,Offline,C,11/5/2011,579127824,11/30/2011,5647,154.06,90.93,869976.82,513481.71,356495.11
Mexico,Baby Food,Online,L,3/15/2010,516134536,4/2/2010,4534,255.28,159.42,1157439.52,722810.28,434629.24
Greenland,Office Supplies,Online,H,5/4/2015,228220641,5/13/2015,4414,651.21,524.96,2874440.94,2317173.44,557267.5
United States of America,Beverages,Offline,C,3/5/2011,139198768,4/10/2011,864,47.45,31.79,40996.8,27466.56,13530.24
Greenland,Cereal,Offline,L,3/3/2011,705088222,4/20/2011,128,205.7,117.11,26329.6,14990.08,11339.52
Mexico,Snacks,Offline,M,4/2/2011,773692262,5/18/2011,1588,152.58,97.44,242297.04,154734.72,87562.32
Mexico,Beverages,Online,C,3/22/2015,338891160,3/26/2015,4280,47.45,31.79,203086,136061.2,67024.8
United States of America,Meat,Online,C,4/20/2014,526831614,5/11/2014,37,421.89,364.69,15609.93,13493.53,2116.4
Greenland,Baby Food,Offline,H,11/6/2012,416104018,12/21/2012,3281,255.28,159.42,837573.68,523057.02,314516.66
Mexico,Fruits,Online,M,4/5/2016,108645188,4/24/2016,9380,9.33,6.92,87515.4,64909.6,22605.8
Mexico,Baby Food,Online,L,3/29/2011,832768237,3/30/2011,3482,255.28,159.42,888884.96,555100.44,333784.52
Canada,Vegetables,Offline,M,9/29/2016,444189965,10/28/2016,4536,154.06,90.93,698816.16,412458.48,286357.68
Mexico,Vegetables,Offline,C,4/4/2013,360269868,4/17/2013,715,154.06,90.93,110152.9,65014.95,45137.95
Greenland,Clothes,Online,H,5/20/2017,560201299,5/21/2017,4868,109.28,35.84,531975.04,174469.12,357505.92
Canada,Vegetables,Online,L,1/22/2011,116760480,2/17/2011,876,154.06,90.93,134956.56,79654.68,55301.88
Greenland,Office Supplies,Online,H,1/14/2015,828695142,1/15/2015,8163,651.21,524.96,5315827.23,4285248.48,1030578.75
Canada,Fruits,Online,L,10/17/2010,781074988,12/1/2010,6301,9.33,6.92,58788.33,43602.92,15185.41
Greenland,Baby Food,Online,L,9/1/2013,917633759,9/4/2013,7076,255.28,159.42,1806361.28,1128055.92,678305.36
United States of America,Cosmetics,Online,C,7/20/2015,698635470,8/29/2015,616,437.2,263.33,269315.2,162211.28,107103.92
Greenland,Meat,Offline,C,3/3/2013,156982457,4/9/2013,3452,421.89,364.69,1456364.28,1258909.88,197454.4
Mexico,Snacks,Offline,C,8/16/2015,892633855,10/1/2015,9049,152.58,97.44,1380696.42,881734.56,498961.86
Canada,Office Supplies,Online,L,4/5/2017,249386489,5/13/2017,7859,651.21,524.96,5117859.39,4125660.64,992198.75
Canada,Office Supplies,Online,H,4/8/2016,440709102,5/11/2016,4472,651.21,524.96,2912211.12,2347621.12,564590
United States of America,Personal Care,Offline,L,6/25/2015,924075782,7/14/2015,3414,81.73,56.67,279026.22,193471.38,85554.84
Greenland,Baby Food,Offline,M,12/17/2013,182475888,1/17/2014,7525,255.28,159.42,1920982,1199635.5,721346.5
Canada,Fruits,Offline,C,8/21/2014,341270816,9/3/2014,8473,9.33,6.92,79053.09,58633.16,20419.93
Mexico,Cosmetics,Online,H,10/26/2012,202192056,12/8/2012,1977,437.2,263.33,864344.4,520603.41,343740.99
Greenland,Meat,Online,C,6/19/2011,826242959,7/4/2011,2507,421.89,364.69,1057678.23,914277.83,143400.4
United States of America,Household,Online,M,8/28/2015,759093320,10/5/2015,1437,668.27,502.54,960303.99,722149.98,238154.01
Greenland,Household,Online,C,5/23/2010,358394467,6/27/2010,5742,668.27,502.54,3837206.34,2885584.68,951621.66
Greenland,Beverages,Online,M,10/26/2013,101865422,11/11/2013,3097,47.45,31.79,146952.65,98453.63,48499.02
Canada,Cosmetics,Online,C,1/1/2014,578379809,1/23/2014,4293,437.2,263.33,1876899.6,1130475.69,746423.91
Mexico,Baby Food,Online,H,4/29/2013,947454774,5/13/2013,1777,255.28,159.42,453632.56,283289.34,170343.22
Mexico,Beverages,Offline,L,3/2/2010,539669311,3/14/2010,8996,47.45,31.79,426860.2,285982.84,140877.36
Greenland,Personal Care,Online,H,3/21/2016,238564527,4/18/2016,5400,81.73,56.67,441342,306018,135324
Canada,Snacks,Offline,M,3/10/2016,222033107,3/20/2016,3385,152.58,97.44,516483.3,329834.4,186648.9
Mexico,Office Supplies,Offline,M,5/5/2014,197485101,5/8/2014,9085,651.21,524.96,5916242.85,4769261.6,1146981.25
United States of America,Fruits,Offline,L,10/31/2012,583611190,12/10/2012,2375,9.33,6.92,22158.75,16435,5723.75
Greenland,Cosmetics,Offline,C,8/26/2012,723916041,8/29/2012,1699,437.2,263.33,742802.8,447397.67,295405.13
United States of America,Cosmetics,Offline,H,6/14/2012,699664151,8/2/2012,5025,437.2,263.33,2196930,1323233.25,873696.75
Canada,Household,Offline,M,3/27/2010,424234759,5/13/2010,9348,668.27,502.54,6246987.96,4697743.92,1549244.04
United States of America,Beverages,Online,L,8/23/2010,171020066,9/24/2010,7493,47.45,31.79,355542.85,238202.47,117340.38
Greenland,Office Supplies,Online,L,11/4/2011,269694888,11/7/2011,7565,651.21,524.96,4926403.65,3971322.4,955081.25
Greenland,Baby Food,Offline,H,8/12/2010,526618754,9/22/2010,7047,255.28,159.42,1798958.16,1123432.74,675525.42
United States of America,Fruits,Online,M,9/7/2011,840774095,10/25/2011,2593,9.33,6.92,24192.69,17943.56,6249.13
Mexico,Snacks,Online,M,1/13/2010,225233304,1/13/2010,395,152.58,97.44,60269.1,38488.8,21780.3
Greenland,Household,Online,C,5/15/2014,455084455,5/31/2014,8458,668.27,502.54,5652227.66,4250483.32,1401744.34
Greenland,Beverages,Online,C,11/8/2015,164479339,12/28/2015,1946,47.45,31.79,92337.7,61863.34,30474.36
Greenland,Cosmetics,Online,H,7/25/2016,102358949,7/28/2016,9142,437.2,263.33,3996882.4,2407362.86,1589519.54
Mexico,Vegetables,Online,M,7/6/2013,239213836,7/20/2013,7545,154.06,90.93,1162382.7,686066.85,476315.85
Canada,Household,Offline,M,9/21/2013,223399531,9/27/2013,7741,668.27,502.54,5173078.07,3890162.14,1282915.93
United States of America,Clothes,Offline,H,12/27/2011,506045138,1/11/2012,8857,109.28,35.84,967892.96,317434.88,650458.08
United States of America,Personal Care,Offline,L,4/2/2010,917706286,5/4/2010,8538,81.73,56.67,697810.74,483848.46,213962.28
United States of America,Clothes,Offline,L,10/12/2010,489077270,11/24/2010,7687,109.28,35.84,840035.36,275502.08,564533.28
Mexico,Clothes,Offline,L,6/11/2015,463428056,7/31/2015,7515,109.28,35.84,821239.2,269337.6,551901.6
Greenland,Fruits,Offline,M,1/17/2011,153205478,2/26/2011,5760,9.33,6.92,53740.8,39859.2,13881.6
United States of America,Cereal,Online,M,1/12/2016,836799705,1/27/2016,6483,205.7,117.11,1333553.1,759224.13,574328.97
